2408 3856
177 161 217 216 IV
581 159 784 214 PRAEFATIO

178 312 343 385 uinculum,
375 309 459 368 cuius
485 312 572 384 pater
599 308 754 384 Claudius,
787 329 860 369 auus
889 308 1055 370 Gordianus
1083 312 1185 386 appel-

178 402 289 460 lantur.
338 399 378 457 111
405 416 458 456 nos
486 398 607 473 quidem
634 417 700 456 eam
726 399 770 457 ita
798 399 961 458 discernere
988 418 1074 474 posse
1102 399 1186 459 nobis

178 490 323 562 uidemur,
345 490 379 544 ut
402 486 527 544 eundem
549 489 701 545 auctorem
723 487 807 562 prius
830 487 884 546 illa
908 506 997 562 opera
1022 488 1187 548 leuidensia

71 622 76 632 ,
180 582 210 637 11
242 595 318 653 quae
349 575 495 634 modestia
527 575 668 635 simulata
702 576 840 651 spiritum
872 577 1021 652 quendam
1051 595 1123 652 prae
1156 597 1187 636 se

179 667 278 725 ferant
300 664 506 739 conscripsisse
529 663 705 739 iudicemus,
728 664 832 722 deinde
856 664 959 724 multis
982 666 1067 724 amris
1090 668 1186 724 trans-

180 754 254 813 actis
287 757 316 813 et
348 753 446 811 animo
478 755 647 828 permutato
680 771 749 812 cum
773 753 838 829 ipse
867 753 974 829 quibus
1001 756 1078 813 esset
1104 754 1187 812 uitiis

28 892 31 907 .
99 877 100 881 =
180 844 253 903 satis
275 842 473 918 perspexisset
495 841 807 901 monachumfactum
828 844 860 900 et
881 842 995 901 uictum
1017 843 1190 906 emendasse.

183 936 212 992 et
240 922 444 1011 sermoneml)
494 929 578 998 Quod
605 931 630 989 si
658 931 760 1006 eliqua
788 949 855 989 cum
882 931 1093 1006 probabilitate
1120 950 1188 1006 pro-

180 1022 323 1094 tulirnuS,
346 1021 426 1076 certo
449 1018 619 1077 testimonio
642 1018 793 1096 Fulgentii
815 1019 959 1078 Ferrandi
982 1021 1035 1095 qui
1058 1020 1189 1095 episcopi

181 1110 279 1169 uitam
306 1107 461 1182 descripsit
487 1108 565 1166 hunc
592 1111 743 1166 auctorem
765 1126 792 1166 a.
810 1128 839 1184 p.
859 1107 925 1166 Ohr.
949 1110 1059 1167 11468
1083 1112 1190 1166 natum

181 1202 212 1258 et
236 1217 261 1256 a.
287 1198 349 1255 533
373 1199 525 1256 mortuum
548 1215 610 1255 1111
633 1197 750 1256 scimus.

223 1285 355 1344 'Animo
387 1289 421 1344 ut
449 1285 574 1343 diximus
606 1285 664 1343 fuit
695 1285 770 1360 leui,
801 1286 975 1361 priusquam
1001 1285 1099 1344 nescio
1128 1305 1190 1361 qua

179 1376 216 1434 de
237 1393 335 1434 >causa
362 1393 482 1449 prorsus
510 1376 689 1448 mutaretur,
721 1393 816 1450 neque
843 1392 940 1432 uanae
967 1374 1080 1450 gloriae
1109 1375 1189 1450 cupi-

182 1464 276 1523 ditate
298 1462 438 1533 uacabat3
462 1481 521 1537 qua
545 1465 717 1536 commotus,
739 1466 774 1521 ut
797 1462 924 1538 speciem
946 1480 1078 1520 summae
1097 1463 1190 1521 scien-

181 1552 243 1610 tiae
280 1553 310 1609 et
345 1551 495 1608 doctrinae
533 1550 710 1610 abundantis
747 1551 917 1627 praeberet,
955 1569 1031 1626 quae
1069 1552 1191 1610 aliunde

182 1641 331 1715 hauserat,
353 1637 525 1698 auctoribus
547 1658 607 1697 non
628 1639 770 1715 inspectis
791 1659 886 1716 neque
905 1639 1081 1698 examinatis
1101 1658 1192 1716 quam

182 1729 333 1788 celerrime
356 1727 530 1805 composuit,
553 1746 619 1786 cum
640 1729 673 1786 id
690 1749 783 1787 unum
800 1732 903 1806 ageret
920 1732 955 1787 ut
973 1728 1192 1788 admirarentur

181 1817 314 1876 homines
329 1819 442 1892 quanta
456 1816 628 1875 adulescens
647 1817 805 1876 admodum
820 1817 1048 1893 conscripsisset.
1078 1817 1190 1877 Uersus

184 1924 300 1982 quoque
333 1924 405 1981 quos
437 1905 579 1963 Martiam
611 1903 750 1981 Capellae
783 1908 950 1981 exemplum
983 1909 1100 1965 secutus
1136 1907 1190 1964 im-

182 1994 301 2053 miscuit
332 1992 442 2068 raptim
473 1993 593 2052 uidetur
624 1995 805 2072 excogitasse
837 2013 897 2053 non
928 1995 1085 2070 repudiata
1117 1996 1190 2053 alio-

183 2103 250 2141 rum
276 2084 431 2158 poetarum
454 2100 580 2157 quorum
606 2101 719 2141 memor
746 2086 810 2141 erat
832 2083 999 2143 imitatione
1020 2084 1070 2142 uel
1096 2084 1192 2158 fu1t03

184 2190 255 2230 nam
282 2174 312 2229 et
339 2190 374 2228 ex
399 2169 560 2246 Peruigilio
588 2170 712 2230 Ueneris
739 2191 841 2231 uersus
871 2176 910 2233 19
938 2175 968 2232 11
993 2175 1034 2231 10
1060 2173 1192 2231 numeris

185 2251 341 2336 seruatis²)
366 2259 528 2334 paucisque
550 2259 649 2318 uerbis
671 2261 795 2320 mutatis
814 2260 940 2336 arripuit
959 2253 1001 2341 (p.
1018 2263 1046 2336 7,
1062 2264 1100 2318 11
1113 2253 1193 2341 sqq.)

186 2353 216 2408 et
242 2348 317 2408 alios
344 2340 387 2429 (p.
408 2349 436 2423 7,
452 2339 507 2429 19)
536 2348 689 2423 exscripsit
716 2369 751 2408 ex
776 2349 927 2408 Tiberiani
954 2349 1083 2408 carmine
1113 2349 1193 2425 quod

185 2437 303 2496 nomine
335 2437 464 2495 auctoris
495 2455 555 2495 non
582 2441 809 2496 commemorato
836 2438 1024 2516 Augustinus
1053 2438 1088 2496 de
1118 2457 1193 2497 mus.

185 2526 232 2584 ΙΠ
248 2528 309 2600 2,3
333 2527 432 2600 affert,
457 2527 492 2583 ut
513 2525 627 2601 aliquid
648 2526 870 2601 probabilitatis
893 2527 1030 2586 accedere
1052 2526 1193 2586 uideatur

125 2665 127 2668 ,
186 2613 360 2671 Baehrensii
382 2614 646 2689 coniecturaeque
669 2615 766 2674 causis
788 2634 847 2674 non
871 2616 980 2674 additis
997 2616 1194 2693 Peruigilium

188 2701 283 2760 cidem
319 2701 457 2760 attribuit
490 2701 660 2776 Tiberian03
697 2722 767 2762 nam
802 2723 943 2781 magnam
978 2722 1040 2763 1111
1077 2705 1194 2780 copiam

189 2790 365 2866 scriptorum
388 2808 461 2866 quos
483 2791 624 2849 memoria
646 2792 777 2850 tennerit
799 2793 974 2870 Fulgentius
1000 2812 1084 2869 nego.
1129 2793 1195 2851 Hac

188 2880 313 2939 leuitate
337 2882 367 2938 11
388 2880 556 2938 temeritate
574 2880 687 2939 factum
705 2884 750 2940 est
768 2885 804 2940 ut
822 2882 1013 2957 grauissimos
1031 2882 1063 2938 in
1081 2900 1194 2940 errores

189 2968 343 3044 incideret3
368 2969 565 3045 nequeenim
586 2970 673 3027 modo
698 2969 854 3045 scriptores
878 2973 907 3028 et
930 2988 1020 3045 opera
1044 2969 1104 3027 alia
1128 2989 1195 3028 cum

190 3056 257 3117 aliis
285 3058 430 3132 confudit,
457 3058 509 3115 sed
535 3077 571 3115 ue
598 3058 720 3133 Apuleii
747 3058 867 3134 quidem
894 3059 929 3116 de
957 3059 1073 3131 fabula,
1105 3072 1196 3133 quem

190 3145 375 3263 potissimum
398 3146 540 3204 sermonis
563 3150 714 3206 auctorem
734 3147 853 3221 habuit,
877 3150 955 3206 recte
978 3146 1104 3220 rettulit,
1128 3165 1196 3205 cum

264 3299 289 3364 1)
264 3296 341 3350 1.cf
356 3296 631 3352 dissertatiunculam
644 3315 716 3369 quae
730 3298 761 3352 in
774 3315 869 3353 museo
884 3298 1019 3352 Rbenano
1033 3298 1197 3368 propediem

191 3366 316 3438 prodibit
335 3367 401 3421 ‘Der
418 3368 535 3422 Bischof
549 3367 713 3439 Fulgentius
731 3369 790 3423 und
808 3369 858 3424 der
875 3368 1084 3439 Mythograph’.

263 3442 290 3509 1)
318 3437 408 3503 Quare
435 3439 488 3492 hoc
515 3455 626 3493 carmen
653 3439 744 3510 longis
773 3441 945 3543 scripsissem
972 3441 1112 3510 uersibus,
1141 3440 1198 3495 nisi

192 3509 301 3564 codices
320 3525 410 3564 essem
427 3512 545 3565 secutus.
