2408 3856
72 191 137 247 VIII
475 188 679 244 PRAEFATIO

73 342 304 419 acquiescemus,
327 339 353 400 si
376 341 549 417 scriptorem
568 359 602 398 ea
621 358 711 416 quam
731 340 918 400 adhibuimus
938 341 1085 401 scribendi

72 432 189 492 natione
221 432 268 490 uti
298 429 430 506 potuisse
463 429 520 488 erit
549 428 711 504 probabile.
761 430 867 505 Neque
897 433 999 489 tamen
1028 432 1084 490 has

74 520 217 580 minutias
253 537 354 578 omnes
390 518 495 577 afferre
526 517 613 594 potui
645 519 792 596 angustiis
823 518 912 578 huius
945 519 1086 579 editionis

75 613 209 684 coactus,
237 626 328 685 quam
350 607 513 684 bibliopola
538 606 762 666 liberalissimus
785 607 843 666 nisi
866 611 1031 667 coartatam
1055 612 1088 667 et

75 701 258 758 contractam
281 697 427 772 suscipere
450 696 560 771 noluit,
589 715 680 771 quare
704 695 790 754 omisi
816 697 957 756 lectiones
981 698 1086 773 quales

74 791 145 847 sunt
168 781 279 845 ‘uelud’
305 781 455 863 (omnibus
477 785 538 844 fere
560 785 632 844 11111
650 776 698 866 Η)
721 778 841 860 ‘adque'
863 778 930 867 (Β),
953 781 1083 861 ‘utpute'

78 872 151 954 (PR
168 897 196 953 p.
218 878 270 950 10,
284 867 319 955 8)
341 869 490 950 ‘quileuit’
516 869 558 951 (R
575 894 604 949 p.
625 869 756 950 10,18)‚
775 868 955 932 ‘delerabam
973 867 1088 955 (PRH

74 986 104 1041 p.
116 967 167 1038 13,
179 959 245 1041 19),
259 957 446 1023 ‘sterelitate'
458 955 527 1044 (PR
537 982 566 1037 p.
579 965 629 1036 16,
640 955 684 1044 8),
698 957 826 1020 ‘uerilia’
840 960 907 1040 (PR
916 983 944 1038 p.
957 966 1006 1038 17,
1019 954 1086 1043 11),

74 1053 160 1127 alias,
182 1071 307 1128 quarum
330 1051 474 1129 plurimas
497 1051 593 1109 altera
615 1070 720 1111 manus
742 1051 849 1111 codicis
866 1051 1040 1129 Reginensis
1054 1052 1085 1109 R

75 1141 214 1216 correxit3
236 1144 266 1200 et
283 1160 464 1216 quamquam
483 1139 691 1199 difficillimum
709 1143 774 1199 erat
791 1140 900 1218 eligere
919 1159 996 1216 quae
1014 1141 1087 1198 affe·

72 1231 183 1290 rendae
202 1233 307 1304 essent,
326 1249 402 1305 quae
421 1229 611 1303 omittendae,
628 1232 729 1287 tamen
748 1247 833 1304 spero
851 1249 898 1287 me
917 1248 976 1288 non
995 1228 1087 1287 nimis

73 1321 163 1397 longe
186 1338 204 1378 a
222 1321 304 1378 recta
321 1319 374 1377 uia
392 1318 553 1391 aberrasse,
576 1335 759 1394 quamquam
777 1317 887 1376 nollem
905 1336 976 1377 casu
992 1318 1084 1375 inter-

75 1409 195 1467 cidisset
216 1428 245 1483 p.
269 1408 353 1482 74,5
381 1407 469 1465 lectio
498 1406 631 1465 Palatini
652 1407 681 1464 P
705 1409 735 1464 et
756 1406 932 1483 Baginensis
954 1407 984 1466 R
1007 1424 1087 1482 quae

75 1500 121 1555 est
152 1490 321 1571 ‘prodedit',
358 1495 429 1571 quia
464 1515 536 1552 num
567 1494 719 1572 Fulgentii
755 1514 888 1554 sermone
920 1494 1009 1571 digna
1046 1495 1088 1553 sit

78 1584 209 1643 dubitari
230 1577 369 1661 1111111)
413 1583 518 1659 Neque
540 1584 636 1661 magis
660 1601 705 1658 ae,
727 1603 753 1657 e,
776 1603 800 1661 e,
824 1603 859 1642 oe
882 1583 1010 1658 enotaui,
1035 1583 1087 1642 sed

77 1693 144 1732 eum
165 1672 329 1750 legentium
351 1675 385 1730 ut
407 1675 480 1748 puto
502 1673 654 1731 commodo
678 1691 714 1731 ea
736 1691 806 1731 usus
830 1692 894 1732 sum
916 1673 1030 1750 regula,
1052 1675 1089 1730 ut

74 1762 221 1820 uocabula
248 1762 361 1820 formae
383 1761 497 1836 primae
522 1780 638 1838 semper
659 1761 692 1819 in
715 1780 750 1819 ae
772 1761 905 1819 finientia
929 1761 1088 1820 scriberem

75 1853 197 1926 excepto
220 1850 297 1910 libro
321 1850 372 1925 qui
395 1853 476 1908 caret
497 1850 599 1909 littera
622 1869 654 1925 a,
684 1851 789 1908 ceteris
813 1853 912 1908 autem
936 1849 1011 1909 locis
1034 1869 1086 1925 op-

74 1939 164 1998 timos
191 1939 282 1997 libros
311 1958 449 2015 sequerer
475 1938 571 1998 duces
621 1939 860 2014 Praepositiones
892 1941 992 1997 autem
1020 1957 1088 1997 cum

76 2028 175 2087 uerbis
205 2028 359 2104 copulatas
387 2047 421 2085 ex
449 2027 629 2103 optimorum
655 2027 798 2086 librorum
827 2046 883 2086 usu
912 2028 1087 2103 plerumque

76 2117 137 2176 suis
155 2117 268 2191 formis,
289 2134 350 2174 non
367 2116 532 2175 immutatis
551 2115 670 2175 exhibui
688 2117 771 2175 nulla
789 2117 932 2175 adnotata
950 2115 1089 2174 lectionis

74 2205 230 2264 uarietate.

143 2294 209 2353 Iam
245 2313 315 2353 uero
352 2294 391 2352 ad
426 2293 492 2370 ipsa
528 2293 706 2352 recensionis
743 2293 873 2352 subsidia
904 2292 1089 2352 accedamus.

76 2383 330 2460 Mythologiarum
349 2382 436 2457 onim,
458 2382 644 2460 Uirgilianae
663 2381 872 2456 continentiae,
895 2380 1089 2457 expositionis

77 2491 245 2532 sermonum
259 2471 450 2547 antiquorum
464 2471 521 2530 duo
537 2473 654 2530 exstant
670 2490 778 2548 genera
791 2471 943 2544 librorum,
962 2489 1089 2545 quorum

77 2561 214 2635 alterum,
233 2561 259 2619 si
276 2579 386 2636 paucos
405 2560 508 2619 eximis
526 2561 616 2635 locos,
634 2563 789 2635 tamquam
802 2560 951 2637 integrum
964 2559 1090 2634 praebet

76 2652 228 2708 auctorem
242 2650 367 2708 seruatis
382 2652 412 2708 et
426 2647 561 2708 omnibus
574 2648 784 2725 prauitatibus,
803 2648 908 2724 quibus
923 2648 1090 2707 doctrinam

78 2757 163 2798 snam
194 2737 369 2812 maculauit,
402 2741 433 2796 et
464 2756 596 2796 sermone
626 2738 744 2815 uulgari
772 2756 830 2813 quo
862 2754 932 2795 usus
965 2739 1023 2811 est,
1054 2739 1091 2794 ut

76 2827 199 2886 minime
214 2826 242 2886 S.
256 2826 396 2886 Brandtii
412 2818 554 2908 1111111111)
574 2826 728 2904 assentiar,
747 2826 799 2901 qui
814 2825 902 2884 nimis
917 2829 1090 2900 corruptum

76 2916 220 2974 libromm
251 2919 363 2975 statum
392 2919 487 2993 putat.
537 2915 675 2974 Alterum
701 2915 867 2990 prauitates
898 2915 966 2973 illas
997 2913 1091 2972 habet

78 3004 248 3063 emendatas
272 3008 302 3063 et
325 3024 497 3079 sermonem,
521 3023 578 3080 quo
601 3003 697 3081 magis
721 3021 788 3061 oum
810 3003 878 3062 aliis
896 3002 1091 3078 scriptoribus

79 3096 267 3169 congrueret,
308 3094 457 3170 plerisque
495 3094 568 3152 locis
605 3093 759 3166 limatum3
795 3112 891 3168 neque
926 3092 1090 3167 interpola-

76 3181 208 3240 tionibus
235 3187 337 3257 uacat,
364 3201 431 3241 oum
455 3201 478 3240 1.
497 3201 525 3259 g.
548 3203 577 3259 p.
599 3184 649 3256 12,
667 3183 708 3240 10
731 3182 830 3259 glossa
853 3174 1012 3239 ‘caelestis’
1036 3184 1092 3238 aut

78 3273 220 3329 1111111
237 3275 307 3346 post
323 3271 454 3330 Uraniae
472 3290 579 3329 nomen
598 3271 701 3329 addita
719 3271 770 3344 sit3
794 3269 971 3329 emendandi
988 3273 1093 3327 autem*

150 3480 177 3545 1)
196 3476 230 3531 cf.
250 3493 325 3548 corp.
344 3476 425 3531 inser.
444 3475 505 3530 Lat.
519 3475 571 3530 VH
586 3481 645 3531 140.

146 3551 176 3615 2)
195 3547 228 3602 11
250 3547 344 3603 annal.
363 3546 533 3603 Fleckeisen.
553 3545 651 3602 CXVII
669 3549 769 3617 (1878),
788 3550 848 3601 381.
