2408 3856
120 165 163 230 88
520 162 736 218 maenum

72 256 98 297 Μ

100 279 156 374 ‘ut
181 315 294 393 fugiret
325 317 356 374 et
383 314 452 373 deos
485 332 576 389 quam
608 314 788 389 sapientiam
819 332 882 372 esse
911 313 1077 390 culpabiles
1105 276 1152 373 nt¹

121 405 256 482 pericula
279 405 469 479 sustentaret,
491 404 577 461 illam
604 402 797 462 nihilominus
818 403 954 462 Platonis
983 403 1143 479 antiquam

120 494 273 553 firmantes
289 493 476 568 sententiam,
494 492 546 550 ubi
565 492 623 551 aits
646 499 721 563 νοῦς
739 489 934 572 ἀνθρώπινος
947 491 1034 564 θεός·
1055 485 1145 565 οὗτος

121 581 174 643 ἐὰν
193 580 318 663 ἀγαθός,
341 581 414 653 θεὸς
433 572 465 640 εὖ
483 576 729 662 ip<yecgd>pcvog²
752 582 861 640 idest:
884 600 987 640 sensus
1011 583 1142 641 hominis

68 685 123 737 145
131 673 203 731 deus
227 673 285 746 est3
308 671 334 730 is
358 671 384 730 si
410 670 505 731 bonus
527 665 530 749 l
552 673 609 745 est,
638 670 710 729 deus
733 676 779 730 est
800 670 961 746 propitius3
978 666 990 749 ΙΙ
1008 691 1081 730 nam
1105 674 1152 731 etl

99 760 295 823 oGameades
318 760 350 818 in
372 759 449 818 libro
473 759 625 819 Telesiaco
648 760 693 818 ita
717 760 773 818 ait:
799 769 880 818 πᾶσα
901 759 973 838 τύχη
997 759 1144 837 αἴσθησιν

125 850 284 931 φρονίμοις
306 852 448 925 κατοικεῖ,
471 848 502 905 id
526 853 584 907 est:
607 849 702 908 omnis
724 849 846 935 fortuna
868 849 900 906 in
918 867 1007 907 sensu
1025 850 1145 910 habitat

125 940 279 1015 sapientis.
315 938 395 997 Nam
411 937 573 996 identidem
592 937 658 996 ideo
672 938 816 997 uirtutem
829 938 960 1014 primum
974 937 1034 997 dici
1047 940 1144 998 uolui·

124 1047 193 1087 mus
216 1028 312 1086 etsie
335 1026 527 1102 sapientiam,
556 1026 636 1102 qnod
664 1027 801 1102 quamuis
828 1027 976 1103 sapientia
998 1027 1144 1088 uirtutem

84 1136 110 1176 ro
123 1119 219 1194 regat,
241 1119 343 1174 tamen
366 1116 398 1174 in
420 1115 533 1174 uirtute
557 1116 674 1174 animae
697 1116 845 1191 sapientia
867 1117 961 1175 floret.
998 1116 1144 1177 Defectus

126 1207 206 1264 enim
229 1205 352 1264 uirtutis
375 1205 513 1282 egritudo
538 1209 583 1263 est
609 1205 775 1280 sapientiae
797 1206 853 1265 hoc
880 1205 1023 1264 uidelicet
1045 1211 1144 1283 pacto,

128 1295 202 1371 quia
230 1294 375 1370 quidquid
404 1293 569 1370 sapientiae
602 1294 782 1352 consultatio
812 1295 960 1371 agendum
985 1295 1145 1371 inuenerit,

128 1385 154 1443 si
178 1384 217 1442 ad
240 1383 461 1460 subrogandum
489 1400 576 1457 posse
599 1383 695 1441 uirtus
725 1383 855 1458 deficiat,
883 1387 1003 1442 curtata
1026 1385 1059 1441 in
1084 1385 1145 1444 suis

70 1472 289 1539 146effectibus
308 1471 472 1547 sapientiae
487 1471 643 1546 plenitudo
656 1472 807 1547 torpescit.
844 1473 924 1530 Nam
942 1476 976 1531 ut
990 1472 1029 1530 ab
1044 1466 1144 1554 ar:mis

84 1583 110 1624 rs
123 1562 292 1636 inciperem,
317 1593 359 1601 -
379 1559 452 1619 soiui
477 1559 556 1617 enim
580 1560 659 1634 quod
677 1561 738 1618 uiri
759 1561 940 1621 uocabulum
963 1561 1143 1638 significatio

127 1669 214 1709 sexus
238 1650 290 1724 sit,
318 1667 378 1707 non
400 1648 534 1722 honoris3
567 1648 592 1706 si
615 1648 674 1706 uiri
700 1648 830 1724 primum
852 1670 960 1709 nornen
989 1670 1144 1726 ponerem:

123 1739 214 1798 multi
237 1738 297 1796 uiri
320 1733 331 1816 d
353 1741 435 1813 suut,
458 1756 518 1796 non
540 1740 642 1796 tamen
666 1757 767 1797 omnes
789 1738 947 1813 laudandi3
977 1759 1048 1817 ergo
1073 1741 1153 1798 uir-l

128 1831 228 1887 tutem
250 1827 380 1903 primum
397 1826 493 1904 posui,
516 1845 570 1902 pro
590 1846 650 1902 qua
667 1827 766 1886 uirum
788 1828 974 1887 laudandum
993 1829 1147 1906 adsumpsi

129 1917 296 1976 Homerum
331 1916 474 1975 uidelicet
509 1919 631 1976 secutus
667 1916 720 1992 qui
756 1917 812 1976 ait:
850 1924 941 1994 μῆνιν
976 1913 1056 1977 ἄειδε
1089 1916 1145 1977 θεὰ

197 2056 270 2120 3sq.
289 2069 313 2106 ο.
332 2049 449 2104 Hermes
477 2049 613 2120 Trismeg.
638 2050 681 2103 ed.
700 2048 825 2120 Parthey
848 2067 870 2105 c.
892 2056 934 2118 12,
955 2056 1036 2119 lsq.:
1066 2047 1147 2115 οὗτος

129 2120 160 2176 δὲ
180 2120 194 2175 ὁ
214 2130 280 2184 νοῦς
299 2121 331 2176 ἐν
349 2119 400 2191 μὲν
419 2121 585 2190 ἀνθρώποις
603 2120 672 2183 θεός
691 2119 748 2174 ἐστι
759 2164 835 2177 .....
856 2122 902 2175 καὶ
926 2120 979 2191 γὰρ
1000 2121 1015 2175 ὁ
1034 2123 1147 2192 ἀγαθὸς

126 2190 346 2319 δαξιξωέοῶῃ.
354 2191 413 2317 ;Ι(31
424 2192 477 2262 γὰρ
500 2201 569 2254 νοῦς
590 2201 691 2262 ψυχῶν
710 2191 785 2247 ἐστιν
808 2190 952 2262 εὐεργέτης
971 2193 1146 2262 ἀνθρώπων.

198 2395 213 2443 1
228 2388 333 2459 fugitet
342 2388 401 2442 PR
410 2388 438 2442 U
452 2387 593 2458 fugeretur
643 2406 731 2459 supra
741 2387 808 2441 deos
822 2389 903 2442 adeor
912 2386 1004 2457 magis
1020 2389 1080 2443 ΠΕ
1086 2389 1113 2444 G

126 2468 142 2515 2
158 2462 349 2515 substentaret
358 2459 386 2514 R
430 2461 502 2529 ploos
515 2459 676 2527 frequenter
690 2457 841 2513 sustineret
855 2459 901 2530 Πβ
965 2464 1049 2512 3nus
1065 2463 1148 2528 (nous

125 2532 186 2587 HL
203 2548 275 2585 naus
291 2532 327 2600 G)
343 2529 568 2600 antropinosteos
583 2530 768 2600 (antropiteos
788 2531 825 2598 U)
845 2532 925 2584 utose
940 2532 1146 2600 anagatosteos

125 2605 242 2672 (anaget
268 2604 374 2657 testeos
393 2602 456 2673 Εβ)
483 2617 663 2655 enuermenos
683 2622 704 2654 ω
728 2618 768 2655 em
791 2601 836 2656 He
864 2599 999 2671 εῦήμερος
1022 2603 1059 2656 A.
1082 2603 1150 2657 Mai

127 2673 245 2743 εὐμενής
263 2674 296 2728 ed
314 2674 374 2727 Gen
465 2671 696 2742 etelesiaoogita
716 2672 757 2726 ait
776 2671 836 2725 HL
895 2688 981 2742 pasce
1009 2675 1074 2742 tyce
1104 2676 1149 2728 est

126 2744 181 2799 iste
200 2746 272 2812 (aste
286 2744 321 2798 H
339 2743 390 2796 ille
404 2744 443 2812 D)
463 2742 643 2796 simfroniuns
668 2742 871 2812 (simfroniuius
886 2744 938 2796 ΡΙ
947 2744 974 2798 U
997 2743 1148 2815 simproni-

126 2833 178 2870 uus
194 2815 228 2870 H
253 2814 433 2869 simfroniuus
447 2815 486 2883 D)
511 2813 595 2868 catici
614 2835 633 2868 α
660 2830 744 2883 pasce
767 2813 824 2868 tice
850 2813 904 2867 iste
928 2813 1149 2885 simphronunus

127 2886 299 2957 (simphrono
324 2904 362 2939 nu
388 2902 440 2940 uus
457 2885 492 2956 G)
518 2884 602 2940 catici
624 2888 641 2958 β
720 2891 754 2938 12
773 2884 912 2953 quidquid
924 2885 982 2940 PR
1010 2886 1149 2956 quicquid

130 2978 152 3011 ω
243 2957 381 3013 consultio
405 2957 440 3011 H
527 2956 637 3011 inuenit
659 2957 694 3011 H
725 2955 866 3011 inueniret
898 2959 967 3026 (mut
993 2956 1058 3026 -rie
1088 2959 1115 3014 G

129 3034 163 3081 13
182 3027 297 3084 uirtutis
312 3030 339 3084 L
357 3029 448 3082 uirtus
462 3045 592 3098 suprascr
605 3028 629 3082 ti
643 3029 670 3083 U
740 3034 774 3081 14
793 3026 941 3082 affectibus
954 3028 989 3081 H
990 3029 1007 3099 β
1027 3028 1151 3110 aspecti-

128 3099 181 3153 bus
201 3101 290 3155 deterr
342 3100 406 3155 Non
426 3103 476 3154 aut
494 3099 530 3154 ab
550 3099 635 3154 armis
650 3100 685 3154 H
754 3105 787 3152 16
806 3098 929 3154 honoris.
967 3097 1041 3164 Quid
1059 3100 1153 3172 igitur

128 3169 251 3241 primum
273 3171 329 3224 nisi
353 3188 443 3239 arma,
468 3171 570 3226 deinde
593 3171 686 3224 uirum
708 3177 858 3240 ponerem?
886 3169 971 3224 Multi
994 3169 1071 3224 enim
1095 3170 1152 3225 uiri

129 3243 182 3297 edd
205 3257 308 3295 nomen
326 3241 447 3312 primum
465 3260 530 3312 pon.
545 3242 580 3296 H
601 3258 703 3296 nomen
715 3259 780 3311 pon.
795 3241 875 3311 prim.
891 3242 939 3314 Ρβ
1012 3247 1045 3295 17
1065 3241 1152 3297 multi

129 3315 195 3368 sunt
212 3312 307 3367 uiriI
382 3319 415 3366 18
433 3315 555 3383 primum
573 3312 744 3385 uirtutemfi
822 3318 856 3366 19
876 3317 972 3366 omerfi
986 3313 1048 3370 Eo
1105 3331 1152 3368 ex-

130 3386 241 3440 secutus
256 3386 290 3438 H
315 3386 343 3438 et
362 3385 474 3438 secutus
493 3386 588 3454 (deleto
608 3385 646 3454 et)
661 3387 682 3438 I
688 3385 715 3439 U
740 3385 769 3437 et
787 3386 899 3438 secutus
918 3384 980 3439 PR
1053 3384 1152 3440 menin

130 3457 194 3511 aide
213 3459 260 3511 tea
282 3454 377 3526 peleia
395 3455 500 3524 (polein
518 3457 588 3526 PD)
617 3456 653 3510 de
676 3455 780 3510 acileos
799 3454 895 3525 (cileos
910 3454 957 3524 H)
977 3475 996 3510 α
1024 3456 1152 3511 momina

120 3527 172 3579 ide
191 3529 239 3581 tea
252 3526 354 3598 poleia
373 3527 408 3581 de
427 3526 532 3583 acileos
552 3529 569 3600 β
