2408 3856
387 143 508 198 MUNDI
527 143 574 198 ΕΤ
592 143 747 199 HOMINIS
1007 145 1070 208 145

51 295 222 372 primatum
244 295 346 353 fratris
369 295 490 354 inuidus
508 295 617 371 rapiat.
653 294 796 372 Fatigato
814 295 952 354 rubidum
970 235 1167 355 cortu-alar

53 403 123 444 ram
145 384 270 442 durnin
291 385 494 460 muscipulum
516 385 613 459 parat,
636 387 799 442 commutat
821 385 982 459 prandium
1004 404 1072 444 cunr

52 474 193 550 primatu
219 473 336 532 subtilis
366 492 400 531 ao
432 474 558 532 lassatos
590 473 623 530 in
655 491 727 549 agro
756 491 857 532 cursus
884 493 944 533 non
974 474 1072 534 doluit

55 562 169 621 fratris.
214 561 348 620 Paruum
374 562 430 621 hoo
457 562 517 620 fuit
538 561 597 621 nisi
619 565 655 620 ut
677 562 753 620 alias
777 563 905 638 amplius
927 564 1073 623 moliatur

54 651 190 710 insidias.
236 648 345 711 Oblato
369 651 473 710 subtili
499 651 625 726 prandio
652 652 758 709 matris
781 653 916 709 armatur
939 653 1098 729 oonsiliqs

53 740 140 798 fallit
161 743 276 798 tactum
294 739 401 813 orbati,
423 740 512 816 pilosi
534 741 637 798 furans
659 740 828 798 machinam
847 741 920 800 corii
942 741 1071 818 subripit

54 829 147 904 patri,
170 830 282 887 donum
304 827 429 888 abstulit
451 828 576 888 callidus
603 829 759 904 primitiui.
807 828 1018 889 Sanctificatur
1039 832 1071 888 in

53 916 215 994 fructibus,
244 918 433 978 consanoitur
459 919 521 977 suis
548 918 691 977 fratribus
718 919 846 994 primus,
879 919 1072 978 confirmatur

54 1006 185 1066 inimicis
210 1006 345 1066 omnibus
368 1007 512 1066 dominus.
554 1006 650 1077 Quam
673 1007 769 1084 igitur
791 1009 909 1084 culpam
931 1008 1070 1068 innoxius

55 1096 175 1171 habuit,
213 1096 265 1171 qui
296 1095 371 1153 nihil
402 1096 568 1173 malignum
600 1097 753 1171 suspicans
785 1097 880 1171 patris
912 1098 1071 1172 prandium
1085 1120 1113 1159 ro

55 1203 162 1259 campo
181 1184 378 1262 uagabundus
396 1183 542 1260 inquirit?
574 1185 799 1261 Numquidnam
814 1186 948 1261 oportuit
966 1187 1070 1246 matris

55 1274 184 1347 astutia,
212 1274 313 1332 fratris
341 1276 466 1349 captura
492 1275 620 1333 innocua
651 1274 852 1333 circumscribi
875 1274 1070 1350 simplicitas?

56 1361 136 1421 Nam
162 1366 198 1422 ut
225 1381 353 1441 agnosco
380 1383 440 1422 non
466 1363 555 1421 fratri
580 1363 704 1438 inuidit,
736 1383 796 1423 non
826 1364 907 1438 patri
934 1364 1070 1440 subripit,

55 1470 117 1511 non
129 1452 291 1528 prandium
303 1452 472 1528 postulanti
486 1453 633 1528 distraxit,
652 1471 712 1511 non
725 1451 909 1511 inordinatos
923 1453 1071 1528 primatus

55 1528 184 1616 opta'uit.
220 1540 353 1600 Additur
371 1541 443 1617 quia
464 1541 536 1600 dum
558 1543 693 1600 armatus
716 1541 804 1600 fratri
825 1542 887 1599 ianr
909 1542 1070 1619 coniugato
1085 1563 1111 1604 rs

56 1629 195 1704 occurrit,
218 1630 391 1689 scandalum
414 1630 538 1705 aliquod
560 1650 621 1690 non
644 1630 781 1706 arripuit,
805 1631 940 1689 osculum
957 1632 1070 1707 primus

54 1717 213 1794 paulluum
236 1718 359 1794 obtulit,
385 1718 512 1777 iniurias
536 1719 646 1778 oblitus
670 1719 778 1794 omisit,
801 1719 889 1776 illurn
912 1738 980 1778 cum
1003 1740 1070 1779 con·

55 1806 178 1885 iugibus
201 1826 235 1867 ac
256 1807 327 1865 filiis
350 1807 460 1866 traicit.
506 1806 602 1877 Quam
623 1807 655 1865 in
678 1808 723 1866 his
748 1808 882 1867 omnibus
906 1800 1069 1890 diluinitati
1078 1824 1116 1874 18

54 1897 176 1972 culpam
202 1894 349 1955 incurrit?
393 1896 459 1955 Aut
489 1915 542 1954 cur
568 1915 628 1955 non
656 1900 720 1954 tam
751 1897 908 1956 munificus
935 1896 1070 1974 placuit?

54 1983 103 2044 Sit
130 1985 227 2062 igitur
254 1985 301 2043 sui
329 1985 446 2045 consilii
472 2003 557 2043 sacra
579 1986 633 2043 illa
655 1985 798 2044 diuinitas
821 1987 951 2062 conscia,
979 2007 1070 2062 quam
1085 2009 1111 2048 ro

52 2072 187 2132 humana
218 2093 278 2133 non
309 2074 406 2150 possit
433 2074 598 2150 conspicari
630 2077 747 2132 natura.
797 2074 883 2133 Uidit
913 2076 1008 2153 igitur
1038 2076 1071 2133 in

52 2162 168 2239 spiritu
191 2161 327 2222 dominus
352 2161 431 2239 quod
458 2162 604 2222 humanus
627 2183 792 2239 numquam
814 2163 935 2238 inspicit
957 2165 1070 2223 oculus.

53 2251 134 2321 Quid
162 2251 259 2309 dicam
286 2251 373 2310 Liam
401 2251 509 2310 sororis
541 2251 675 2309 inuidam
707 2271 742 2310 ac
774 2252 950 2327 pulchrioris
982 2253 1070 2312 thoro

50 2340 242 2416 subpositum
264 2340 391 2416 lippam,
420 2340 491 2398 dum
517 2341 614 2400 maior
635 2340 758 2398 minoris
780 2341 898 2398 inuadit
921 2360 1070 2417 sponsum

49 2429 153 2489 noctis
173 2429 322 2506 opitulato
345 2428 488 2505 suffragio
511 2428 659 2489 sororium
680 2429 774 2486 fallax
796 2429 919 2504 corripit
941 2430 1069 2506 thorum,
1084 2451 1110 2492 11

52 2536 90 2578 aa
123 2517 167 2577 sic
197 2518 347 2577 matutino
379 2537 504 2594 sponsus
535 2517 715 2593 conprobato
747 2517 912 2592 muscipulo
945 2518 1069 2595 duplato

53 2607 281 2666 matrimonium
309 2609 452 2683 conparat
480 2607 646 2665 famulatio.
691 2606 824 2665 Paruum
850 2607 906 2667 hoc
929 2608 989 2665 fuit
1011 2608 1070 2666 nisi

53 2696 138 2773 quod
160 2695 370 2773 mandragoric
392 2696 471 2754 malo
490 2699 667 2754 nocturnum
685 2695 780 2754 liuida
798 2696 983 2755 nundinatur
1000 2716 1068 2756 con·

129 2854 142 2902 1
159 2864 213 2917 sqq.
228 2852 263 2915 ct'.
278 2848 345 2902 Gen.
361 2854 403 2914 25,
414 2854 447 2902 29
463 2864 522 2915 sqq.
585 2853 601 2901 ὁ
615 2864 670 2916 sqq.
685 2849 720 2913 cf.
736 2846 805 2902 Gen.
820 2853 853 2900 21
917 2854 949 2901 15
964 2865 1018 2918 sqq.
1032 2851 1068 2918 ef.

52 2919 124 2974 Gen.
140 2925 175 2973 33
252 2925 285 2972 23
300 2937 354 2989 sqq.
373 2921 408 2986 cf.
424 2918 491 2973 Gen.
507 2924 540 2972 29
619 2924 652 2971 28
666 2936 720 2988 sqq.
740 2921 775 2986 cf.
790 2917 858 2974 Gen.
874 2924 1032 2988 30‚14sqq.

128 3049 142 3096 1
163 3042 265 3096 rubida
288 3045 402 3097 coctura
420 3064 441 3096 ω
460 3061 500 3096 em
514 3042 561 3097 Hc
637 3048 652 3094 2
671 3042 859 3112 muscipulam
872 3043 895 3097 S
969 3050 985 3097 3
1003 3045 1068 3099 sub-

54 3114 115 3168 tilit
129 3114 158 3167 P
174 3117 218 3182 (m.
233 3133 283 3168 rec.
299 3116 341 3182 eff.
357 3113 486 3183 subtulit)
565 3118 582 3165 4
600 3131 700 3182 parum
714 3113 775 3196 SPq
859 3119 893 3168 10
911 3114 1000 3169 nichil
1014 3116 1036 3171 S

55 3191 89 3239 13
110 3184 287 3254 subripuitS
352 3190 385 3238 15
405 3184 516 3239 obtauit
530 3184 558 3238 P
623 3190 656 3239 18
675 3184 792 3241 trahicrt
805 3185 863 3241 PR
918 3186 1069 3241 diuinitate

54 3258 84 3311 P
98 3259 151 3326 (em
168 3275 202 3311 m.
221 3261 283 3326 rec.)
311 3255 471 3310 diuinitatis
490 3256 513 3310 S
607 3261 640 3309 19
663 3258 775 3310 tantum
794 3257 822 3310 R
912 3263 946 3311 20
972 3259 1068 3330 quam]

54 3327 123 3397 quia
137 3327 194 3384 Rs
266 3335 298 3381 21
318 3327 393 3381 uidit
411 3344 476 3396 ergo
496 3325 625 3381 dominus
643 3327 674 3380 in
693 3327 830 3397 spirituS
899 3335 933 3382 23
952 3329 992 3383 lia
1006 3329 1034 3382 R

54 3451 134 3490 soror
148 3436 176 3489 a
204 3434 328 3490 sororis
393 3439 426 3487 11
442 3413 619 3503 opitularis
687 3440 720 3488 11
740 3434 918 3490 amamus
969 3451 1069 3505 parum

50 3506 78 3561 s
148 3511 182 3560 rs
200 3503 399 3575 mandragario
414 3506 473 3559 11
533 3504 667 3560 111111
685 3505 776 3570 usura
791 3508 818 3561 1

108 3605 267 3646 Panormus
281 3606 314 3646 sd.
329 3605 353 3644 Η
358 3605 418 3646 slnr
886 3597 928 3644 hb
