2408 3856
144 181 208 245 154
517 181 566 236 DI}
584 181 788 237 AETATIBUS

102 271 126 310 Η

43 333 230 407 caenam,
267 332 319 391 ubi
356 332 466 409 excipit
498 331 624 392 Samson
654 332 860 391 inuincibilem
891 330 992 390 criniti
1022 331 1154 390 muneris

138 422 284 496 palmam,
317 420 388 479 dum
419 421 505 480 leone
536 422 657 497 fortior,
693 423 771 480 ferro
803 420 918 495 durior,
950 420 1032 479 solus
1065 420 1157 479 etiam

138 511 261 568 milleno
279 510 365 569 hoste
383 510 519 586 superior
532 511 651 569 Dalilae
669 512 827 587 superatus
844 507 993 569 mollescit
1006 509 1154 584 amplexu.

139 597 218 668 Quos
241 617 301 657 non
323 599 471 657 uirtutum
491 619 592 659 muros
609 598 702 658 libido
721 600 900 675 prosternat,
924 616 1002 674 quae
1019 597 1154 656 Nazareo

98 707 111 748 s
139 691 170 747 et
201 687 298 747 diuini
329 688 459 747 muneris
492 707 608 748 comam
639 687 767 747 abscidit
797 689 829 746 et
855 687 1010 763 priuatum
1042 687 1154 746 lumine

138 776 268 835 tenebris
296 777 432 835 emicuit
459 780 490 836 et
517 777 625 853 quibus
653 780 723 836 ante
751 776 843 835 timor
869 777 969 834 fuerat
990 775 1156 834 ludibrium

138 865 276 925 reddidit.
309 863 423 925 Omitto
438 868 469 925 et
481 866 591 925 Manae
604 865 702 925 filium
716 865 812 924 diuini
830 864 930 923 nuntii
948 865 1155 924 enuntiatione

140 955 302 1030 conlatum,
325 973 415 1030 quem
436 958 534 1013 mater
555 975 615 1014 non
637 955 767 1031 petitum
789 954 924 1030 suscipit,
947 956 1035 1029 pater
1058 953 1155 1014 obser·

92 1043 272 1107 27uandum
295 1042 334 1102 ad
353 1038 357 1121 l
377 1042 509 1102 monitus
534 1044 668 1120 expauit,
695 1043 788 1103 Israel
814 1043 948 1103 subitum
970 1042 1157 1103 defensorem

98 1153 126 1191 ro
139 1131 316 1207 promeruit,
347 1131 489 1191 Filisteus
526 1133 618 1191 etiam
649 1133 871 1192 interfectorem
903 1131 1028 1190 inuenit.
1084 1131 1155 1191 Pro·

139 1223 312 1279 sternuntur
334 1221 474 1280 trecentis
501 1222 586 1279 milia
608 1222 740 1297 milium,
768 1223 798 1281 ct
821 1220 909 1280 discit
930 1219 1004 1279 belli
1027 1220 1155 1280 uictoria

139 1328 228 1369 urceo
251 1310 446 1385 triumphare,
468 1329 528 1368 non
550 1311 638 1370 ferro.

206 1397 283 1468 Quid
306 1417 377 1457 uero
400 1399 473 1457 haec
496 1399 597 1457 omnia
618 1400 767 1458 humanae
786 1399 868 1458 uitae
887 1401 1030 1474 conpetat
1053 1398 1155 1475 statui,

140 1486 381 1546 demonstremus.
413 1488 519 1546 Nonne
537 1488 569 1545 in
587 1488 736 1547 tricesimo
751 1488 858 1563 quinto
876 1488 1026 1547 humanae
1046 1488 1154 1547 aetatis

99 1594 125 1635 1⁶
140 1595 218 1634 anno
240 1595 287 1635 res
310 1574 459 1634 uertitur?
495 1577 580 1636 Filiis
603 1576 771 1653 laboratum
794 1580 830 1636 ut
852 1595 930 1636 nunc
953 1576 1103 1653 quosdam
1123 1576 1155 1635 in

138 1665 257 1724 laotItia
270 1668 430 1740 parentum
443 1667 529 1724 natos
544 1668 579 1724 ut
594 1664 782 1725 Samuhelem
800 1666 944 1740 inuenies,
963 1685 1044 1725 nunc
1064 1665 1157 1725 etiam

139 1757 174 1813 ut
198 1752 298 1830 Ophni
325 1757 356 1812 et
378 1754 483 1813 lineos
510 1774 571 1814 non
597 1756 695 1815 solum
718 1755 750 1813 in
772 1755 867 1830 patris
891 1757 1041 1831 quantum
1063 1755 1157 1814 etiam

127 1843 171 1920 ⁴iu
205 1843 337 1904 filiorum
368 1843 546 1903 detrimento
577 1844 735 1920 repperies.
788 1844 838 1902 Ad
868 1861 939 1902 uero
971 1843 1157 1903 matrimonii

141 1932 258 1991 ordines
277 1964 319 1972 —
339 1935 467 2007 quantas
486 1932 629 1992 sterilitas
653 1933 777 1991 damnat
794 1934 826 1991 ot
847 1932 944 1992 forma
967 1932 1156 2007 conmendat,

97 2038 125 2079 ro
140 2021 216 2079 alias
248 2024 335 2080 ornat
366 2020 546 2097 fecunditas,
582 2023 717 2081 maculat
753 2020 888 2081 foeditas.
942 2020 979 2079 In
1016 2021 1155 2080 omnibus

137 2109 288 2168 laudanda
310 2112 355 2168 est
375 2109 477 2168 diuina
500 2111 666 2186 temperies,
690 2110 770 2186 quod
792 2114 823 2168 et
845 2109 988 2168 tristitiae
1006 2129 1044 2168 ex
1066 2114 1154 2186 parte

137 2198 261 2274 praebet
288 2199 430 2258 solatium
452 2218 489 2257 ne
516 2200 584 2274 plus
607 2203 763 2258 consumat
791 2202 822 2258 et
848 2198 1004 2275 superbiae
1028 2200 1156 2258 modum

137 2291 285 2364 temperat
307 2309 344 2347 ne
368 2288 435 2364 plus
459 2288 606 2349 adsumat.

604 2447 687 2505 VIII.

41 2562 131 2602 almi
203 2555 387 2614 Praeteritus
410 2554 486 2613 liber
507 2553 641 2612 iudicum
663 2553 803 2612 instituta
825 2571 981 2629 moresque
1000 2552 1155 2631 digressus

96 2644 287 2719 assequentis
310 2643 405 2702 libelli
428 2643 561 2701 ordinem
583 2642 712 2718 peperit,
735 2642 767 2700 in
790 2662 849 2718 quo
871 2661 1032 2719 regnorum
1055 2645 1155 2703 status

137 2751 298 2808 cursusque
320 2731 490 2808 principum
512 2730 703 2809 gradatima
725 2730 811 2791 nobis
834 2730 1010 2805 disponatur
1032 2750 1154 2792 necesse

92 2824 196 2896 28est3
214 2821 277 2881 illic
295 2839 424 2897 namque
443 2820 532 2879 scilta
550 2820 726 2880 callositatis
741 2819 853 2879 duritia
871 2810 1041 2900 coturJnata
1058 2820 1155 2881 Iudea

137 2914 290 2985 asperatus
317 2910 350 2968 in
376 2910 606 2986 proteruitatem
633 2910 761 2970 ceruices
789 2908 878 2987 erigit
906 2911 936 2968 et
958 2909 1058 2968 Deum
1085 2929 1155 2987 pro·

209 3060 223 3106 1
238 3071 292 3124 sqq.
312 3055 347 3121 cs.
366 3053 425 3106 Iud
443 3058 484 3107 14.
500 3058 534 3107 16
624 3057 639 3105 7
659 3053 694 3119 cf.
712 3051 773 3106 Iud.
789 3057 823 3105 13
914 3056 946 3105 11
966 3053 1003 3119 cf.
1021 3051 1117 3108 mua

112 3152 114 3159 ι
137 3129 172 3177 28
186 3141 240 3194 sqq.
259 3127 294 3193 cf.
314 3125 326 3178 1
341 3124 416 3179 Sam.
432 3129 448 3177 8

209 3266 381 3313 tnazareos
400 3259 428 3314 R
507 3255 658 3326 opriuato
677 3256 732 3312 Rs
805 3254 1038 3311 80bsemandus
1057 3257 1118 3312 PR

137 3330 317 3386 tsubditum
331 3331 360 3386 R
424 3333 457 3382 10
476 3328 625 3398 philisteus
640 3327 695 3383 Rs
758 3333 791 3380 13
810 3327 887 3382 uitae
906 3345 949 3382 om
963 3327 1023 3382 PR
1078 3343 1153 3383 com·

137 3403 473 3473 petantScfip.1478
537 3399 783 3454 relaberetur-
797 3401 830 3453 ut
849 3405 882 3452 16
900 3398 980 3454 ornS
1046 3403 1078 3453 17
1095 3397 1155 3453 ofni

137 3473 161 3528 S
239 3480 273 3528 18
291 3443 451 3542 reperiesd
519 3472 550 3524 at
567 3470 624 3526 RS
705 3475 739 3523 19
757 3469 907 3538 quantaS
972 3468 1124 3540 dapnis

126 3549 166 3596 28
182 3543 312 3620 solim
