2408 3856
144 131 209 185 XVI
547 130 752 186 PRAEFATIO

210 281 246 339 ln
264 281 449 340 recensendis
468 282 604 341 omnibus
622 281 706 342 libris
724 281 930 360 Fulgentianis
950 302 1016 342 eam
1033 283 1158 344 adhibui

145 370 326 444 cautionem,
354 373 388 429 ut
415 369 563 430 codicibus
592 389 683 446 quam
709 372 836 429 maxime
863 372 1018 430 nitendum
1040 392 1103 432 esse
1128 378 1158 432 et

144 459 203 518 nisi
225 462 338 517 certum
360 458 524 537 subsidium
543 459 642 518 afferri
659 462 769 535 posset,
792 479 894 518 eorum
916 460 1058 520 lectiones
1081 463 1158 521 inte-

145 566 213 624 gras
241 566 303 608 esse
331 548 539 624 relinquendas
562 551 711 624 putarem,
740 568 776 606 ne
804 549 871 609 aliis
896 550 948 625 qui
972 550 1021 608 uel
1044 552 1158 611 maiore

143 636 263 714 ingenio
277 637 415 696 instructi
433 637 482 695 uel
500 637 595 714 magis
610 637 707 696 adiuti
725 637 845 695 fortuna
860 638 898 695 ad
913 638 992 697 hunc
1006 642 1159 698 auctorem

144 726 289 785 accessuri
303 724 615 801 essent,deprauatum
629 729 659 784 et
672 726 796 785 maculis
810 727 989 802 turpissimis
1004 746 1158 803 aspersum

143 814 298 873 traderem.
333 813 378 873 Ne
397 815 581 874 coniecturas
601 815 721 890 quidem
737 815 870 872 uirorum
884 815 1039 874 doctorum
1053 836 1157 892 quam·

145 922 235 979 quam
261 920 374 980 paucae
396 906 467 964 sunt
492 921 614 962 numero
637 905 725 961 utin
752 904 894 979 scriptore
919 905 1081 966 iniucundo
1105 907 1158 981 qui

143 992 302 1051 uidebatur
320 1011 420 1052 omnes
440 993 676 1067 commemoraui,
695 993 769 1069 quia
785 993 944 1068 pleraeque
962 1012 1058 1069 neque
1077 994 1157 1054 codi-

145 1081 226 1140 cibus
259 1080 380 1156 optimis
411 1081 552 1156 inspectis
584 1100 681 1157 neque
713 1100 819 1158 genere
847 1080 964 1140 dicendi
996 1083 1076 1158 quod
1106 1084 1158 1142 ad-

143 1169 227 1229 hibet
239 1169 414 1248 Fulgentius
433 1171 506 1230 satis
526 1171 644 1248 cognito
662 1172 771 1229 temere
790 1171 925 1259 prolatae
939 1172 1026 1247 quasi
1043 1172 1158 1232 nullius

92 1258 290 1330 [lmomenti
321 1262 398 1318 sunt.
453 1258 534 1328 Quae
566 1278 626 1317 non
658 1259 793 1318 omnibus
825 1259 937 1318 tradita
969 1262 1040 1319 sunt
1072 1261 1159 1320 libris

145 1367 329 1424 quamquam
345 1348 546 1424 Fulgentiana
570 1366 632 1407 esse
655 1351 781 1422 possunt
804 1351 857 1406 aut
880 1366 956 1424 quae
974 1367 1160 1425 quamquem

145 1436 281 1496 omuibus
309 1437 421 1494 tradita
449 1439 518 1495 srmt
545 1437 676 1495 insiticia
700 1439 729 1494 et
752 1436 876 1494 delenda
898 1437 1045 1511 indicaui,
1073 1439 1158 1498 uncis

145 1525 298 1600 quadratis
326 1524 442 1583 inclusa
468 1526 570 1583 tamen
595 1526 627 1582 in
648 1527 733 1583 textu
755 1525 871 1600 reliqui.
917 1525 1062 1585 ductores
1085 1545 1159 1585 non·

144 1614 244 1673 nullos
276 1612 355 1671 infra
385 1613 536 1690 Fulgentii
573 1613 664 1672 uerba
696 1615 813 1688 notaui,
849 1615 912 1673 siue
944 1615 1015 1689 quia
1048 1634 1083 1673 ex
1116 1617 1159 1675 eis

145 1703 264 1760 haurire
292 1702 392 1777 potuit
419 1702 546 1778 scriptor
572 1702 621 1761 uel
647 1703 760 1778 hausit,
789 1703 851 1762 siue
879 1703 950 1778 quia
978 1703 1094 1779 aliquid
1121 1705 1160 1763 ad

145 1791 353 1866 explicandum
389 1793 420 1849 et
454 1791 712 1867 interpretandum
748 1791 883 1851 afferunt.
937 1791 974 1849 In
1009 1797 1160 1869 apparatu

146 1881 248 1940 critico
276 1880 437 1938 maximam
464 1880 600 1957 appetiui
626 1880 816 1955 breuitatem,
847 1883 883 1939 ut
910 1899 998 1956 saepe
1026 1881 1159 1956 syllabas

146 1968 224 2028 solas
248 1987 325 2044 quae
349 1968 489 2027 differunt
511 1988 530 2028 a
552 1969 681 2028 lectione
702 1969 889 2028 antecedenti
912 1970 1059 2045 afferrem3
1082 1989 1160 2045 quae

102 2058 232 2135 ()1mcis
259 2057 395 2116 rotundis
422 2057 538 2118 inclusa
565 2057 665 2135 sigillo
695 2057 804 2117 codicis
832 2057 946 2133 addidi,
978 2077 1094 2134 semper
1121 2060 1160 2117 ad

147 2166 214 2205 eum
233 2146 285 2222 qui
302 2147 434 2221 proxime
457 2145 607 2205 antecedit
628 2146 738 2204 librum
755 2147 914 2223 pertinent,
932 2147 991 2206 nisi
1008 2148 1160 2222 particula

148 2229 201 2294 ‘et’
228 2234 405 2310 interposita
432 2235 471 2294 ad
497 2235 598 2313 plures
627 2253 662 2294 ea
689 2238 822 2311 spectare
851 2236 941 2294 uolui.
988 2235 1069 2305 Quae
1094 2238 1159 2312 ipse

90 2322 134 2378 He
148 2327 202 2383 aut
224 2324 381 2383 emendaui
403 2327 457 2382 aut
478 2324 599 2400 conieci,
622 2323 730 2383 litteris
753 2324 809 2400 He,
833 2342 909 2399 quae
931 2324 1104 2384 Hommeius
1127 2327 1160 2383 in

87 2412 134 2467 Hc
148 2413 232 2472 libris
265 2413 299 2471 de
332 2415 389 2471 aet.
421 2434 459 2471 11.
488 2416 519 2471 et
543 2414 573 2471 h.
605 2413 798 2489 excogitauit,
830 2413 938 2472 litteris
968 2413 1017 2472 Hc
1049 2414 1160 2473 additis

90 2510 134 2564 Ro
149 2501 328 2579 significaui3
347 2502 393 2560 Ro
412 2504 441 2560 et
461 2500 511 2561 (lu
528 2501 560 2559 in
578 2502 879 2561 commentatiuncula
898 2520 976 2577 quae
995 2504 1040 2561 est
1057 2496 1161 2578 ‘super

92 2598 138 2654 Gu
152 2584 332 2649 Thebaiden'
342 2590 505 2650 Rossbachi
519 2592 572 2647 aut
583 2588 806 2649 Gundermanni
818 2591 993 2650 coniecturis
1007 2591 1160 2666 adscripsi.

213 2679 319 2738 Restat
341 2681 377 2736 ut
399 2678 513 2756 gratias
532 2697 621 2756 agam
639 2679 774 2738 omnibus
794 2679 845 2755 qui
865 2698 1051 2755 quocumque
1069 2680 1158 2740 modo

146 2786 193 2826 me
221 2768 252 2825 in
278 2767 334 2826 hoc
362 2784 449 2842 opere
473 2767 652 2826 conficiendo
675 2768 870 2842 adiuuemnt,
898 2769 960 2827 siue
984 2768 1159 2828 collationes

147 2856 220 2914 mihi
247 2855 462 2932 praebuerunt,
490 2856 553 2916 siue
581 2874 640 2932 quo
668 2857 732 2915 loco
759 2857 873 2915 incerta
900 2856 974 2914 mihi
1000 2856 1160 2916 uidebatur

147 2945 197 3003 uel
220 2964 287 3003 mea
310 2945 429 3004 collatio
453 2945 502 3003 uel
529 2945 627 3004 aliena
650 2945 686 3004 de
712 2964 745 3003 eo
768 2965 815 3003 me
839 2945 994 3004 certiorem
1016 2945 1160 3020 fecerunt,

148 3034 211 3092 siue
248 3032 373 3108 denique
409 3034 547 3111 plagulas
580 3034 768 3112 corrigendas
800 3037 998 3110 susceperunt.
1053 3035 1158 3110 Neque

147 3122 245 3180 minus
262 3120 510 3182 bibliothecarum
532 3123 697 3199 praefectos
716 3141 785 3182 cum
802 3127 971 3183 nostrerum
988 3126 1055 3181 tum
1073 3124 1158 3182 Itali·

148 3229 257 3286 carum,
281 3228 348 3268 cum
370 3211 505 3270 omnibus
527 3212 560 3269 in
581 3231 628 3270 me
651 3214 808 3270 uterentur
830 3212 948 3287 officiis,
972 3231 1088 3271 summa
1111 3231 1159 3270 me

148 3299 355 3358 beneuolentia
379 3299 569 3360 obstrinxisse
593 3300 740 3362 confiteor.

216 3405 327 3482 Scripsi
354 3405 488 3467 Berolini
518 3426 618 3467 mense
650 3408 810 3484 septembri
840 3426 866 3465 a.
889 3406 1159 3467 Mocccxcvm.
