2408 3856
386 167 506 222 MUNDI
524 169 571 223 ET
589 168 742 224 HOMINIS
1007 167 1070 232 179

61 320 226 379 maranum
257 321 288 377 a
318 318 449 394 primum
477 318 652 378 suaseram
683 319 796 378 manus
823 317 1003 396 augustalia
1029 259 1166 377 inlato

60 410 158 488 signia
199 409 371 484 iungentem
406 406 558 485 geminum
592 408 773 483 Philippum.
832 407 1074 466 Praetermittam

60 516 179 557 neeesse
199 498 244 556 est
261 496 372 556 Iuliani
389 497 569 555 tirannicam
586 497 700 555 rabiem
718 497 750 554 in
768 496 825 554 Dei
844 495 981 556 ecclesias
999 500 1074 555 tem-

60 587 187 664 pestiuis
201 585 367 645 incursibus
386 585 589 664 fluctuantem,
605 586 675 644 dum
688 585 788 644 Iudeis
805 585 866 644 iam
878 585 1075 661 recuperandi

60 675 167 751 templi
194 675 321 733 facultas
349 674 493 732 tribuitur
521 677 551 732 et
579 675 771 734 simulacrum
797 674 922 733 Ueneris
953 674 1073 749 templis
1088 697 1108 754 ⁵,

61 764 264 824 asciscendum
299 763 439 821 adfertur.
496 761 554 821 Sed
590 767 621 822 et
656 763 755 822 Iudeis
791 763 911 821 flamma
946 763 1074 821 uibratis

61 854 194 929 crispata
229 851 390 910 uerticibus
428 855 563 911 cementa
598 853 690 911 muris
728 853 830 910 adlata
867 852 1009 928 disparsit
1045 855 1075 910 et

61 942 195 1001 uestibus
227 940 321 1000 crucis
354 941 554 1000 caracteriaca
585 940 740 1018 signacula
768 941 922 1019 figurauit3
950 940 1074 999 Ueneris

62 1031 155 1090 etiam
186 1029 346 1088 transitum
371 1030 505 1106 Babylae
537 1031 678 1107 martyris
710 1030 881 1106 praesentia
911 1029 1073 1088 interdixit.

61 1118 291 1179 Ualentinianus
314 1117 443 1176 militare
467 1118 619 1196 cingulum
645 1119 760 1195 spernit
782 1122 813 1178 et
834 1118 953 1194 imperii
975 1118 1074 1177 diade·
1088 1141 1115 1182 ιο

61 1208 152 1268 matis
173 1225 283 1267 munus
306 1207 422 1283 excipit.

135 1393 149 1440 1
164 1404 202 1456 sq.
217 1387 251 1453 cf.
267 1385 345 1442 Oros.
359 1385 411 1439 Vll
426 1390 460 1439 20
515 1392 531 1439 6
545 1404 599 1457 app.
614 1388 649 1456 cf.
665 1385 821 1442 Cassiodor.
835 1385 901 1439 hist.
916 1384 981 1454 trip.
991 1383 1074 1439 Vlia
1103 1410 1104 1415 κ

99 1465 115 1513 9
135 1460 169 1526 cf.
185 1456 340 1513 Cassiodor.
356 1457 422 1513 hist.
436 1457 501 1527 trip.
516 1458 555 1512 VI
569 1463 601 1512 31
690 1463 723 1512 10
742 1458 777 1525 cf.
793 1455 869 1511 Oros.
884 1456 936 1510 Vll
950 1463 984 1510 32

134 1642 150 1689 2
174 1634 301 1706 filippum
319 1635 348 1689 P
443 1636 522 1689 dest
544 1637 573 1689 et
590 1636 748 1702 Reifferscb.
767 1636 938 1706 diatiapueas
960 1639 1024 1688 aute
1046 1635 1075 1688 et

63 1714 122 1764 ul
195 1705 413 1776 tyrannicamT
438 1705 627 1760 thirannicam
646 1707 674 1759 P
770 1711 786 1760 5
809 1707 877 1761 Uen.
901 1703 1001 1775 templi
1017 1705 1043 1759 Τ

64 1776 271 1833 stabilem
300 1773 303 1779 ’
328 1781 465 1846 martyres
479 1778 507 1833 R
532 1777 656 1830 martiris
673 1777 699 1831 Τ
768 1782 800 1830 11
820 1776 914 1833 Flauii
932 1774 1024 1846 (Fauii
1037 1775 1076 1844 R)

64 1848 176 1904 Claudii
194 1847 330 1903 Gordiani
348 1847 491 1919 Fulgentii
508 1848 564 1901 uiri
587 1847 735 1902 clarissimi
758 1850 863 1903 subscri
883 1855 894 1902 t
910 1849 943 1902 irc
960 1847 989 1901 P
1004 1853 1077 1901 aute.

63 1924 96 1976 ia
112 1922 142 1977 R
156 1927 221 1990 poet
238 1921 333 1976 uerba:
356 1923 473 1989 quartus
492 1919 615 1974 decimus
633 1918 706 1973 liber
724 1919 830 1988 absque
891 1916 1075 1989 explicitiu-

65 1991 134 2061 cipit
151 1991 265 2060 quintus
285 1990 410 2046 decimus
430 1991 536 2059 absque
553 1989 576 2044 P
594 1991 791 2060 subscriptione
808 1997 882 2047 caret
898 1990 924 2044 Τ
