2408 3856
150 142 214 207 146
523 141 571 195 DE
590 140 795 196 AETATIBUS

104 234 129 274 Η

55 308 114 348 acm
124 294 291 353 Ecubitum.
323 293 387 352 Aut
406 292 479 369 qnid
496 292 645 368 plmibus:
665 291 792 350 duarum
805 292 966 368 coniugum
978 292 1169 369 litigantium

149 383 289 442 scandalo
326 383 432 458 duplas
468 384 675 440 matronarum
710 381 775 439 n'xa
810 381 939 458 porrigit
975 381 1169 458 concubinas,

152 492 278 548 quarum
309 475 415 548 partus
448 490 516 529 cum
547 469 734 528 naturalibus
766 469 836 528 filiis
866 470 964 529 socius
992 471 1167 547 adoptatur.

150 560 269 631 Quanto
288 561 392 619 liuoris
410 560 508 619 toxico
527 559 658 616 humana
673 559 887 637 constringitur
900 559 1022 636 captiua
1040 563 1165 635 natura3

121 654 186 712 sut
209 669 291 710 soror
313 649 408 709 sorori
430 649 503 707 dum
524 651 614 724 parat
635 648 790 724 inuidiam,
814 647 955 707 ancillam
977 648 1035 708 sibi
1053 649 1167 709 sociam

145 739 256 798 maluit
279 757 370 814 quam
392 740 569 797 matronam.

236 827 390 898 Quomodo
417 827 513 904 igitur
539 826 587 884 hic
614 825 717 883 mundi
742 826 814 885 ordo
841 826 970 886 hominis
997 827 1164 887 similitudo

145 918 199 992 sit,
222 917 441 992 conquiramus.
484 914 710 991 Numquidnam
732 934 792 974 non
815 916 937 992 propria
959 916 992 976 in
1014 917 1064 976 his
1086 917 1161 977 ordi·

146 1006 233 1080 nibus
260 1005 365 1063 mnndi
391 1005 492 1081 imago
510 1006 713 1087 monstratur,
741 1003 813 1062 dum
840 1004 872 1062 in
899 1004 955 1063 Lia
984 1006 1161 1065 matronalis

106 1094 273 1170 1oinuidia,
303 1094 373 1152 dum
398 1094 430 1151 in
451 1093 576 1169 pulchra
599 1092 727 1151 casualis
750 1093 886 1169 fortuna,
915 1094 986 1152 dum
1012 1094 1047 1152 in
1073 1094 1161 1154 Iacob

144 1184 224 1242 liuor
257 1183 398 1259 fratrum,
435 1182 505 1240 dum
536 1182 568 1239 in
599 1181 706 1240 maiori
744 1182 895 1258 quoddam
925 1182 1100 1258 fortuitum3
1130 1183 1161 1241 in

144 1273 197 1333 Iob
225 1272 397 1348 passionum
424 1271 534 1330 indicia
563 1289 596 1330 ac
624 1270 728 1328 futura
755 1289 879 1346 corona,
905 1271 937 1329 in
964 1271 1056 1331 Iacob
1083 1291 1158 1332 com·

144 1362 242 1420 munis
265 1361 420 1421 hominum
442 1360 515 1434 uita,
538 1359 608 1416 dum
632 1359 864 1419 concubinarum
886 1361 982 1420 amori
1003 1380 1066 1421 non
1092 1379 1157 1438 par·

144 1451 234 1525 citur,
266 1449 337 1508 dum
364 1449 463 1507 uxoris
491 1448 698 1524 uoluptatibus
731 1449 904 1508 famulatur.
952 1448 1036 1508 Nota
1066 1449 1161 1545 igitur

104 1559 131 1600 15
146 1539 227 1615 quod
263 1539 296 1596 in
328 1538 438 1596 mundo
470 1555 548 1595 nnus
579 1537 703 1612 pulchro
736 1537 863 1596 sortitur
893 1537 1047 1616 coniugio,
1083 1538 1158 1598 alius

144 1627 305 1686 horridiori
327 1627 489 1685 damnatur
511 1625 672 1699 consorti03
700 1626 762 1685 illic
784 1626 913 1686 filiorum
935 1627 1037 1706 gratia
1058 1627 1159 1688 diuino

144 1716 291 1776 tribuitur
322 1715 483 1791 aliquando
516 1715 632 1774 solatio.
684 1713 789 1774 Subito
820 1715 935 1774 iustum
962 1717 1052 1775 malis
1079 1717 1158 1775 dam·

146 1807 253 1864 natum
282 1804 491 1881 conspicimuS,
523 1803 623 1863 subito
651 1803 778 1879 impium
804 1804 889 1863 bonis
925 1801 1068 1882 [diuitiis]
1100 1824 1158 1865 am·

101 1910 137 1958 19
147 1895 277 1971 pliatum
295 1897 447 1967 notemus3
466 1892 630 1968 aliquando
648 1892 778 1952 infimior
794 1893 827 1951 in
845 1893 942 1952 altum
962 1887 966 1970 Ι
986 1894 1161 1973 porrigitur,

107 2004 133 2043 ao
147 1982 309 2058 aliquando
341 1982 476 2041 sublimis
508 1983 577 2057 post
608 1981 739 2040 tumidas
770 2000 895 2058 pompas
922 1984 1095 2057 prostratus
1124 1983 1160 2043 ab

147 2072 284 2132 omnibus
311 2072 512 2131 conculcatur.
564 2070 610 2129 Sit
641 2070 705 2130 solo
734 2071 852 2130 domino
884 2071 964 2146 laus,
996 2071 1161 2132 incommu-

144 2161 232 2220 tabili
258 2161 349 2235 bono3
377 2179 447 2218 nam
473 2159 645 2218 humanitas
668 2178 728 2218 non
751 2159 836 2220 nouit
858 2159 943 2219 unito
966 2160 1071 2220 sortiri
1095 2182 1162 2239 pro·

143 2251 251 2327 posito.

626 2354 678 2412 Vl.

47 2493 106 2533 abet
119 2494 139 2532 F
211 2479 293 2540 Pone
316 2498 396 2539 nunc
417 2482 532 2539 sextam
549 2479 654 2538 mundi
677 2480 807 2538 aetatem
829 2479 899 2537 libri
917 2478 1165 2542 delimationibus

105 2591 132 2630 ae
146 2568 374 2644 terminandam,
398 2587 475 2643 quae
499 2570 529 2626 et
552 2567 721 2626 diuinitatis
745 2567 916 2628 testimonio
939 2567 1116 2629 declaratur
1134 2574 1166 2630 et

144 2657 341 2716 humanitatis
367 2655 553 2732 plenitudine
580 2656 725 2734 pingitur.
770 2656 807 2714 In
834 2657 890 2716 hoc
914 2657 992 2716 enim
1015 2660 1165 2736 temporis

144 2749 273 2805 scemate
298 2745 433 2805 Christus
462 2749 565 2804 noster
587 2764 731 2821 apparere
755 2744 964 2822 dignatusest
989 2750 1164 2808 monstrans

215 2920 231 2967 2
245 2931 299 2984 sqq.
319 2915 354 2982 cf.
370 2913 437 2969 Gen.
452 2920 495 2983 30,
506 2919 558 2970 3,9

217 3080 229 3126 1
251 3076 301 3127 aut
319 3074 368 3143 qui
382 3075 438 3129 Rs
513 3080 528 3127 3
547 3073 622 3128 filius
638 3074 666 3127 P
681 3076 733 3142 (em
749 3093 784 3130 m.
803 3077 865 3145 rec.)
942 3080 958 3129 5
977 3073 1087 3130 ancilla
1099 3076 1129 3131 P

144 3150 160 3198 6
179 3145 378 3199 matrimonam
392 3147 420 3199 P
486 3151 519 3199 10
538 3145 656 3215 pulchra
672 3172 705 3191 =
718 3146 809 3201 aaut
872 3151 905 3200 11
924 3145 1015 3200 maior
1029 3172 1064 3192 =
1079 3147 1161 3203 Esau

180 3215 322 3284 quoddam
337 3216 365 3269 P
403 3216 540 3284 quiddam
558 3237 579 3270 ω
670 3222 703 3269 12
726 3216 810 3271 Iacob
830 3217 877 3273 Ho
970 3221 1003 3271 16
1029 3216 1069 3271 ali
1125 3233 1161 3272 ue

142 3287 166 3343 S
191 3285 264 3368 aliua
283 3257 373 3368 quill
450 3293 484 3342 16
504 3288 674 3369 dampnatur
686 3288 743 3343 Rs
817 3293 850 3341 17
870 3287 1100 3359 dampnatumB

145 3363 177 3413 18
198 3357 306 3412 (11111111
325 3359 369 3412 del
387 3359 433 3413 He
518 3364 551 3413 19
570 3358 706 3413 infirmior
724 3359 747 3413 S
827 3365 860 3412 21
880 3358 975 3414 soliS
1043 3357 1082 3414 do
1100 3358 1160 3415 PB

143 3430 199 3485 duo
214 3430 236 3484 S
252 3447 291 3484 ou
305 3430 390 3501 Fulg.
406 3447 420 3484 e
434 3432 533 3485 vitasse
546 3430 601 3485 eibi
612 3432 688 3485 risus
701 3437 740 3485 est
752 3431 893 3486 scribendo
906 3430 964 3486 do?
1034 3434 1069 3485 llo
1089 3428 1159 3485 dali-

141 3500 323 3556 neationibus
337 3502 385 3556 Eo
462 3506 496 3554 28
513 3500 656 3555 schemate
670 3501 717 3556 Ho
