2408 3856
123 182 149 236 X
387 232 390 238 .
524 179 729 235 PRAEFATIO

120 329 275 390 undecimo
299 331 483 390 adscribatur
505 332 631 409 saeculo,
655 334 761 391 octauo
784 349 899 390 nonoue
923 331 1050 408 scriptus
1074 337 1133 407 est-3

122 440 157 478 ex
183 439 241 479 uno
270 420 350 479 enim
375 420 458 479 fonte
486 419 559 496 quin
585 419 724 480 fluxerint
747 438 808 478 non
830 420 952 478 dubium
975 425 1032 496 est,
1061 422 1133 497 quia

120 509 193 585 ipsis
229 508 363 569 minutiis
399 510 527 568 alterum
564 527 631 567 cum
667 510 761 568 altero
798 509 963 569 consentire
996 510 1133 588 singulae

120 599 248 676 paginae
276 589 422 680 docentl)
468 599 513 657 Ex
541 597 647 673 quibus
675 598 761 656 illum
787 598 850 673 ipse
874 598 985 657 Romae
1011 600 1134 675 contuli,

119 687 206 747 huius
226 687 415 746 collationem
432 687 493 745 iam
512 689 601 746 antea
620 686 657 744 ab
679 687 790 745 Ioanne
810 685 943 745 Schmidt
965 689 1132 763 professore

119 776 336 854 Regimontano
374 776 540 836 confectam
570 775 746 835 Mommseni
773 778 812 849 ¹et
842 775 1007 836 Wissowoe
1040 777 1132 837 debeo

119 865 306 943 benignitati.
351 864 525 942 Reginensis
552 867 633 924 totus
659 864 696 922 ab
720 864 816 925 altera
838 883 929 923 manu
951 883 1011 923 non
1033 866 1129 924 multo

119 954 280 1014 recentiore
305 957 451 1013 correctus
474 957 526 1012 est.
572 953 608 1011 In
630 952 768 1011 Palatino
794 953 864 1029 quia
889 954 1033 1012 nonnulla
1056 954 1131 1015 folia

118 1042 339 1118 interciderunt,
363 1042 469 1101 desunt
488 1061 562 1118 quae
581 1043 721 1119 leguntur
740 1059 758 1099 a
776 1061 805 1117 p.
826 1043 908 1116 19,1
930 1042 969 1100 ad
986 1063 1015 1119 p.
1034 1045 1088 1116 41,
1104 1043 1131 1102 5.

91 1132 113 1186 I
187 1131 362 1208 Reginensis
373 1132 435 1190 208
449 1130 647 1190 bibliothecae
657 1130 822 1189 Uaticanae
836 1149 911 1190 saec.
920 1131 1026 1204 fereX,
1042 1151 1132 1206 quem

118 1220 182 1296 ipse
209 1221 321 1278 Romae
349 1219 475 1293 contuli,
501 1237 520 1277 a
548 1219 631 1278 tertii
657 1219 911 1296 mythologiarum
935 1219 1005 1277 libri
1027 1220 1132 1280 fabula

119 1309 224 1384 quinta
247 1301 397 1389 incipit23)
425 1311 489 1366 arte
517 1311 618 1366 autem
645 1326 711 1366 eum
737 1307 798 1366 illis
826 1307 1048 1385 coniungendas
1077 1312 1132 1383 est,

119 1417 302 1473 quamquam
331 1396 505 1456 coniecturis
534 1416 601 1454 eum
628 1416 688 1456 non
710 1415 834 1507 prorsus
858 1415 957 1455 carere
981 1401 1069 1472 puto,
1097 1400 1132 1455 nt

119 1480 248 1545 Furius'
271 1506 300 1561 p.
320 1488 337 1544 7
342 1488 404 1564 3‚7
425 1485 552 1560 scripsit,
575 1479 719 1545 Nutrius'
743 1488 843 1544 autem
866 1484 946 1560 quod
968 1485 1059 1544 ceteri
1081 1505 1131 1544 ex-

117 1574 221 1633 hibent
252 1575 346 1633 altero
377 1574 442 1633 loco
474 1593 538 1649 exp.
562 1593 646 1633 serm.
671 1577 732 1632 ant.
755 1594 784 1649 p.
806 1576 911 1649 1241
941 1574 1132 1650 aliquantum

117 1663 289 1738 adiuuatur3
316 1682 411 1739 neque
436 1662 531 1740 magis
555 1662 774 1739 comprobanda
797 1681 859 1722 esse
882 1663 970 1722 lectio
996 1661 1128 1722 ‘iterum-

119 1747 186 1828 que’
210 1752 329 1810 uidetur
352 1770 442 1828 quam
463 1770 539 1811 unus
562 1751 686 1828 praebet
707 1771 736 1826 p.
757 1752 808 1825 84,
824 1752 852 1810 8.

81 1840 107 1894 Τ
183 1840 320 1901 Proxime
334 1842 372 1898 ed
385 1838 439 1900 hos
454 1839 567 1899 accedit
579 1840 655 1899 liber
664 1831 868 1920 Treuericus³)
881 1840 1033 1900 seminarii
1045 1840 1129 1900 eleri-

111 1947 218 1988 corum
231 1929 308 1987 Vis
329 1921 401 2010 (NA
413 1929 500 1988 XVII
515 1921 593 2010 609)
611 1947 685 1989 saec.
700 1928 736 2003 X,
755 1928 837 1989 cuius
857 1929 1046 1988 collationem
1065 1947 1083 1987 a
1099 1948 1130 1989 se

117 2018 282 2077 confectam
299 2017 409 2076 Paulus
432 2017 467 2076 de
485 2017 664 2077 Winterfeld
685 2017 850 2076 liberaliter
871 2018 945 2076 mihi
967 2016 1124 2093 concessit3

117 2105 169 2183 qui
192 2125 259 2165 cum
281 2106 452 2182 saepissime
475 2107 594 2166 easdem
615 2106 755 2166 lectiones
777 2106 914 2166 exhibeat
932 2109 1022 2182 atque
1040 2106 1130 2165 Pala-

115 2195 196 2254 tinus
224 2198 254 2254 et
279 2194 454 2272 Reginensis
477 2195 506 2253 R
533 2214 593 2253 non
620 2195 756 2253 dubitaui
785 2213 875 2271 quam
902 2195 981 2255 solus
1011 2195 1130 2254 exhibet

116 2277 274 2345 ‘effectum'
307 2303 335 2359 p.
360 2285 426 2358 3,3
457 2283 599 2360 recipere,
636 2284 707 2360 quia
744 2283 811 2343 aliis
847 2284 920 2344 locis
952 2283 1129 2361 Fulgentius

117 2368 227 2433 ‘carere
251 2366 377 2448 aliquid’
400 2372 508 2448 posuit.

182 2462 313 2540 Longius
341 2461 377 2521 ab
404 2461 451 2520 his
479 2461 599 2534 obsunt,
632 2479 814 2536 quemquam
844 2460 901 2520 fide
930 2481 989 2521 non
1018 2465 1130 2537 carent,

73 2549 107 2605 H
118 2551 230 2610 codices
249 2551 428 2610 Harleianus
444 2551 528 2610 2685
549 2567 622 2609 saec.
637 2549 680 2607 IX
695 2550 744 2608 uel
758 2550 785 2608 X
804 2553 833 2608 et
851 2549 1129 2625 Montepessulanus

69 2639 108 2694 Μ
119 2641 182 2698 334
206 2658 280 2698 saec.
298 2639 339 2713 X,
367 2659 401 2698 ex
424 2638 530 2714 quibus
552 2630 633 2719 hic4)
656 2639 779 2698 mutilus
805 2642 863 2713 est,
890 2657 957 2698 eum
985 2657 1003 2697 a
1030 2639 1131 2698 media

115 2728 184 2786 libri
202 2728 248 2786 HI
265 2728 368 2786 fabula
385 2746 464 2788 nona
486 2727 603 2804 reliqua
624 2725 835 2787 interciderint.
872 2726 1004 2803 Uterque
1028 2730 1131 2787 autem

116 2816 243 2876 maxime
275 2835 310 2875 ea
338 2836 369 2876 re
398 2817 477 2892 quod
504 2816 597 2875 alium
624 2816 769 2876 scribendi
797 2835 909 2875 morem
936 2816 1070 2891 sequitur
1099 2818 1129 2874 et

112 2905 266 2966 'nonnullis
293 2905 365 2966 locis
393 2906 503 2965 formas
532 2905 674 2965 sermonis
701 2905 833 2981 uulgaris
866 2904 957 2981 fugit,
991 2904 1027 2963 ab
1058 2904 1130 2978 illis,

118 3013 190 3070 quos
209 3013 298 3070 supra
316 2994 452 3070 diximus,
470 2994 603 3070 discedit,
621 2998 656 3052 ut
674 2987 841 3070 ‘fraglauit’
857 3014 886 3069 p.
902 2996 953 3069 64,
969 2996 986 3053 6
1002 2993 1093 3052 PRI
1096 2993 1130 3067 T,

192 3255 216 3321 1)
235 3250 428 3322 Iungmannl
447 3251 466 3307 l.
485 3270 513 3322 p.
532 3257 574 3306 67.

190 3323 428 3393 2)Iung.menn1
447 3323 503 3392 l.p
506 3329 574 3377 .o.4

190 3397 217 3464 3)
231 3394 265 3449 cf.
282 3394 437 3449 Sauerland
450 3394 485 3448 N.
484 3340 579 3447 pdreh.
590 3392 616 3448 d.
628 3392 690 3447 Ges
700 3393 719 3448 f.
731 3393 779 3448 alt.
790 3393 923 3447 deutsche
934 3392 1129 3449 Gesohichtslx

116 3465 195 3518 XVII
212 3482 239 3534 p
259 3470 319 3520 609.

188 3538 215 3603 4)
188 3535 268 3590 401.
287 3536 444 3607 Iungmann
462 3554 489 3605 p.
510 3541 551 3591 63.
