2408 3856
309 110 457 165 Palatinus
479 116 545 164 1578

309 199 475 269 Reginensis
495 205 564 254 1462

311 305 498 360 Berolinensis
519 312 551 359 73

311 393 498 448 Vercellensis
513 400 555 463 16,
570 393 705 448 CXLVIII
863 422 896 440 =
911 397 942 450 E

363 554 478 609 Codices
497 554 599 623 quibus
618 554 784 609 Wessnerus
808 572 874 608 usus
893 557 949 611 est:

309 661 453 715 Parisinus
477 666 545 715 ‘1581

309 750 477 805 Harleianus
498 754 566 805 2682

309 839 454 894 Parisinus
473 844 524 892 242

309 927 453 982 Parisinus
473 933 542 983 3088

312 1016 413 1071 Omnes
437 1017 547 1072 codices
574 1019 624 1087 qui
647 1035 731 1088 supra
757 1034 861 1072 memo-

345 1106 401 1160 rati
429 1109 494 1160 sunt
522 1109 571 1160 aut
598 1109 709 1176 praeter
734 1122 782 1161 eos
812 1106 862 1175 qui

345 1195 513 1250 nominatim
540 1194 694 1249 afferuntur
720 1194 822 1265 reliqui
875 1221 909 1240 =
928 1214 949 1248 ω

310 1284 468 1355 (Beruensis
487 1290 538 1338 427
666 1272 672 1283 ⁸
875 1310 909 1329 ==
923 1285 1010 1354 Bere)

310 1372 477 1442 (Deteriores
872 1400 906 1419 =
920 1374 1018 1443 deterr)

298 1461 345 1516 of.
364 1480 391 1531 p.
412 1468 428 1515 2

221 1656 303 1711 Fabii
325 1656 487 1711 Planciadis
509 1657 642 1739 Fulgenti
655 1657 688 1713 V.
704 1658 731 1713 C.
753 1656 964 1728 mitologiarnm
988 1644 1037 1711 1513.
1062 1657 1165 1712 tertius

151 1732 204 1796 exr‘r
223 1728 350 1798 (explicit
368 1728 441 1782 liber
453 1729 492 1782 III
506 1729 545 1798 R)
564 1729 664 1799 moipit
683 1727 820 1810 expositio
839 1728 930 1798 (sirio
944 1728 983 1798 R)
1003 1743 1165 1783 sermonum

152 1798 330 1868 antiquorum
353 1800 391 1853 ad
413 1800 630 1871 grammaticum
653 1799 809 1854 Calcidium
824 1799 882 1855 PR
951 1797 1012 1853 Inoi
1032 1797 1095 1855 ite
1155 1831 1166 1841 -

152 1869 217 1924 sitio
236 1887 394 1926 sermonum
413 1871 570 1924 anticorum
584 1871 621 1924 ad
634 1870 820 1943 gramatioum
834 1868 991 1925 Calcidium
1081 1869 1124 1925 Pa
1144 1869 1166 1924 ii

150 1940 312 1996 Planciadis
330 1941 472 2011 Fulgentii
488 1941 543 1995 viri
561 1941 631 1995 olari
649 1942 785 2012 expositio
806 1958 963 1996 sermonum
982 1940 1166 2010 antiquorum

152 2028 215 2066 eum
228 2011 397 2067 testimoniis
408 2057 414 2067 .
424 2011 526 2082 incipit
540 2012 577 2066 ad
590 2012 805 2082 grammaticum
820 2011 1009 2083 commune
1061 2012 1167 2084 Inoipit

151 2099 233 2170 glosa
255 2101 374 2171 (glosam
389 2102 418 2153 E
435 2100 488 2154 ino.
507 2100 545 2171 gl.
565 2117 608 2155 om
621 2101 688 2171 iiio)
711 2099 855 2170 Fulgentii
876 2091 924 2171 e'p‘i
946 2100 984 2155 ad
1004 2098 1166 2156 Calcidium

151 2171 302 2241 (ealeidum
316 2173 346 2226 E
363 2171 530 2228 aalaidisum
544 2172 583 2242 B)
601 2171 816 2242 grammaticum
834 2174 967 2244 (gramat-
982 2171 1055 2247 Ε’)β
