2408 3856
390 149 512 204 MUNDI
530 149 578 203 ET
596 148 750 204 HOMINIS
1010 149 1072 213 147
1093 104 1096 108 Δ

60 300 93 358 in
115 302 246 376 utraque
270 300 440 359 substantia
463 300 612 378 integram
635 300 852 377 plenitudinem
873 301 987 359 uirtute
1011 243 1170 361 eor-herr

36 390 39 395 ’
59 389 144 467 poris
168 392 198 448 et
221 389 369 464 sapientia
392 389 493 464 animi,
516 392 560 464 ut,
583 408 654 447 uere
673 389 721 446 dei
743 389 840 447 uirtus
865 392 895 448 et
918 390 1075 467 sapientia,

61 477 197 559 Christus
225 478 266 537 sit
292 478 379 537 homo
407 478 606 554 plenissimus.
655 478 692 536 In
723 478 779 537 hac
811 497 882 555 ergo
913 481 1012 538 aetate
1045 482 1076 538 et

59 566 251 645 Aegyptiace
269 567 412 627 cruciatio
432 569 462 626 et
479 567 621 625 Moiseica
639 567 788 642 contritio,
807 566 859 624 sed
878 568 969 625 etiam
986 568 1074 645 legis-

59 656 137 716 latio
156 655 332 714 declaratur.
369 656 503 714 Primum
522 656 626 731 itaque
643 655 831 714 Israhelitica
849 656 980 714 seruitus
999 657 1101 719 duros

58 745 192 804 laterum
220 746 372 822 ergastulo
399 745 550 804 cruciatur
573 748 603 803 et
628 745 745 822 negatis
768 745 921 803 iniunctae
944 765 1074 804 mercen-

58 833 138 892 nalis
166 852 273 909 operae
301 834 395 910 paleis
424 834 463 892 ad
491 833 719 909 quaeritandam
741 834 885 910 stipulam
909 835 1074 911 castigante

58 922 232 999 praeposito
261 922 309 980 dei
335 924 466 1000 populus
494 923 653 1000 spargitur.
699 923 889 981 Damnantur
911 923 943 980 in
969 923 1073 982 mortis

59 1011 242 1070 sententiam
265 1012 377 1070 semina
399 1011 577 1084 masculina3
601 1012 651 1070 sed
676 1030 741 1070 ecce
764 1012 796 1069 in
818 1012 942 1088 papirea
966 1012 1074 1071 cistula

58 1119 115 1177 per
137 1099 318 1176 crepidinem
341 1100 420 1159 aluei
443 1100 524 1159 salus
544 1100 687 1159 enatabat
705 1100 845 1159 Hebraici
864 1101 1073 1178 supplementi,
1088 1123 1114 1162 10

59 1188 153 1249 donec
181 1189 260 1266 regis
287 1191 360 1247 nata
387 1189 536 1266 uagientis
563 1189 686 1264 paruuli
713 1208 864 1247 murmure
890 1190 1022 1248 trahitur
1045 1193 1075 1249 et

58 1278 221 1337 uenustate
252 1278 484 1354 pulchritudinis
511 1277 668 1336 Moiseicae
699 1277 855 1337 dulcorata
885 1270 1118 1360 molriturumao

59 1366 171 1442 excipit
189 1366 365 1443 adoptiuum
385 1367 549 1442 statimque
568 1367 681 1442 scirpeo
705 1367 891 1442 protractum
912 1367 1074 1442 paruulum

57 1457 159 1515 caleto
190 1456 282 1514 matri
313 1455 463 1516 contradit
492 1455 694 1514 nutriendum.
746 1453 770 1515 0
799 1456 968 1514 diuinitatis
1002 1456 1073 1515 ordo

57 1547 204 1618 seoretus3
228 1545 378 1604 sciebatne
400 1544 505 1622 regina
528 1545 609 1620 quod
631 1545 771 1603 interitus
789 1545 886 1620 patris
905 1563 939 1603 ac
957 1545 1073 1621 patriae
1087 1565 1113 1606 1⁶

57 1633 91 1692 in
118 1633 174 1692 hac
197 1633 306 1692 cistula
329 1634 516 1692 delitesceret
543 1637 598 1693 aut
619 1636 717 1692 mater
739 1636 867 1693 nouerat
890 1633 971 1709 quod
994 1634 1073 1692 salus

57 1720 210 1781 Hebraica
233 1722 313 1780 aluei
334 1722 469 1799 margine
491 1723 616 1799 uagiens
644 1721 813 1781 heiularet‘?
859 1721 918 1780 Sed
941 1741 1006 1781 ecce
1029 1723 1073 1781 in·

58 1811 217 1870 nocentiae
240 1811 400 1870 transactis
424 1811 592 1886 crepundiis
616 1814 646 1869 et
669 1811 817 1887 pueritiae
835 1811 896 1869 iam
914 1812 1073 1870 maturatis

56 1899 242 1976 crepusculis
259 1900 400 1959 iuuenilis
420 1903 585 1975 uaporatur
603 1900 751 1959 alacritas.
785 1901 924 1976 Denique
942 1900 1073 1976 primum

55 1987 263 2048 Israheliticae
281 1988 429 2048 libertatis
444 1987 589 2047 indicium
600 1988 761 2066 Aegiptico
775 1991 923 2048 monstrat
940 1989 1072 2049 concitus
1087 2011 1113 2051 ao

55 2077 232 2153 homicide,
260 2097 349 2153 quem
377 2078 457 2136 calce
484 2096 657 2154 percussum
680 2096 714 2137 ac
740 2078 842 2137 sabulo
867 2077 1006 2138 obrutum
1027 2078 1072 2136 in·

55 2165 159 2225 ciuilis
181 2166 306 2225 iniuriae
329 2167 444 2226 ultione
466 2166 613 2227 mactauit
634 2167 691 2226 hoc
713 2167 845 2242 primum
866 2170 987 2244 gustum
1005 2186 1073 2242 pro-

55 2255 167 2331 pinans
194 2255 318 2315 Hebreis
347 2255 382 2314 de
409 2255 535 2314 interitu
562 2256 668 2331 populi
695 2255 908 2331 persequentis.
958 2255 1072 2314 Exhinc

54 2343 174 2402 alienas
196 2344 302 2404 timore
326 2345 464 2403 exulatus
488 2344 604 2420 adpetit
626 2345 770 2420 regiones,
795 2344 946 2419 pastorale
969 2344 1071 2403 merci·

54 2431 194 2492 monium
216 2434 344 2492 sustinet
366 2433 577 2492 Madianiticus
602 2432 726 2509 aduena,
750 2433 835 2492 cuius
857 2432 990 2509 imperiis
1013 2451 1071 2491 ser·
1085 2453 1111 2494 cs

131 2622 196 2687 acf.
211 2620 290 2674 Paul.
306 2620 343 2674 ad
358 2619 481 2676 Corinth.
496 2619 545 2690 Il,
556 2624 591 2672 24
672 2624 688 2673 ὁ
707 2637 762 2690 sqq.
781 2621 817 2688 cf.
836 2619 924 2675 Exod.
942 2628 964 2674 1.
980 2625 1035 2688 5‚7

56 2696 74 2744 9
88 2708 144 2761 sqq.
164 2693 198 2759 cf.
218 2691 336 2746 Exoda

132 2873 146 2922 1
166 2868 355 2937 substantiam
380 2872 504 2938 (expuam
525 2887 560 2923 m.
579 2871 643 2938 rec.)
658 2868 686 2921 P
710 2870 858 2936 utramque
882 2867 1071 2922 substantiam

55 2939 87 2995 B
173 2939 332 2994 4mosaica
346 2940 374 2995 R
402 2939 582 3009 moysaicaS
670 2937 862 2993 biertiticaS
951 2938 1072 3010 bingur

56 3011 96 3086 de
114 3011 171 3066 PR
197 3009 362 3084 iniuncteS
437 3009 624 3065 mercennatis
643 3030 664 3063 ω
692 3008 791 3064 mariis
811 3009 858 3064 He
885 3008 972 3064 -nalis
991 3010 1036 3065 Hc

55 3087 74 3136 8
98 3080 250 3136 damnmur
267 3083 338 3154 Pla
369 3089 471 3138 rectem
496 3082 601 3137 Gracco
628 3081 719 3137 more?
741 3082 934 3150 cfip.148,1
958 3084 1070 3149 154,13

56 3152 190 3222 dapnant
208 3153 232 3208 S
256 3153 427 3207 damnantur
443 3171 477 3209 m.
496 3170 548 3208 ree.
566 3155 599 3207 ia
612 3153 640 3205 P
715 3158 730 3206 9
749 3151 829 3222 pirea
842 3152 871 3206 P
886 3154 937 3222 (em
954 3171 988 3207 m.
1007 3171 1059 3209 rec.

54 3223 231 3296 papiraeea?
244 3225 290 3279 Hc
367 3229 400 3278 12
418 3226 596 3278 uenustatem
614 3225 643 3278 P
701 3222 825 3277 mosaice
838 3223 867 3278 R
894 3223 1035 3296 moysaice

94 3299 128 3349 1e
147 3311 262 3365 scyrpeo
276 3296 305 3350 R
395 3301 429 3348 14
448 3294 541 3350 celato
564 3297 590 3365 (c
608 3312 642 3350 ex
660 3297 688 3365 g)
702 3296 730 3349 R
757 3293 855 3362 galato
878 3295 1017 3364 (suprascr
1034 3313 1069 3349 m.

55 3383 109 3424 rec.
128 3369 155 3437 c)
168 3367 197 3420 P
271 3371 304 3419 17
323 3365 483 3421 eiularetS
558 3371 591 3418 19
610 3365 749 3419 iuuenalis
764 3366 791 3420 R
864 3371 898 3419 20
916 3364 1072 3436 isrliticed

92 3436 272 3565 aegptssnglt
300 3437 441 3563 pgdptiaco
460 3437 528 3564 sm
556 3436 684 3491 conscius
698 3436 755 3491 Rs
797 3441 870 3561 8²2
889 3435 1027 3489 mactabit
1041 3435 1069 3488 R

54 3525 121 3564 mac
172 3525 190 3563 a
323 3525 482 3578 ocaeapa
528 3524 783 3578 oosuprascrun

869 3593 925 3646 lu*
