2400 3854
134 174 177 236 68
498 171 782 227 nrronoemaun

92 266 123 304 m.
134 323 300 400 imperium.
338 324 466 398 Zephyri
485 342 555 400 ergo
569 323 725 382 flabrantis
744 343 835 382 aurae
854 325 1014 383 anhelante
1028 260 1165 383 uecturask

135 413 174 472 ad
201 416 294 471 semet
322 412 449 471 sororios
476 412 613 487 perducit
640 413 776 486 affectus,
804 432 965 488 earumque
995 411 1135 472 uenenos'e

135 502 266 561 consiliis
294 501 330 560 de
357 501 461 559 mariti
492 501 588 560 forma
618 501 788 576 quaerenda
815 502 1003 561 consentiens
1030 499 1135 562 curiosi·

136 593 239 666 tatem,
258 609 329 649 suae
348 590 455 649 salutis
474 609 641 665 nouercam,
660 590 788 667 arripuit
807 594 837 649 et
854 591 1033 651 facillimam
1050 589 1135 650 credu-

110 680 263 754 slitatem,
295 699 371 755 quae
400 697 515 755 semper
542 678 750 755 deceptionum
776 683 873 738 mater
900 683 954 755 est,
984 679 1135 757 postposito

137 770 274 828 cautelae
296 769 448 844 *suffragio
482 767 601 843 arripit:
634 768 761 844 denique
793 769 914 828 credens
942 769 1089 828 sororibus
1114 784 1161 825 re·

136 858 246 916 marito
261 857 392 933 serpenti
406 857 595 916 coniunctam
608 859 694 915 uelut
711 856 839 917 bestiam
852 857 1049 917 interfectura
1061 873 1135 917 noue·

137 947 235 1006 culam
259 947 312 1004 sub
335 946 472 1021 puluinal
491 945 646 1005 abscondit
663 947 874 1022 lucernamque
892 947 993 1006 modio
1012 944 1136 1023 contep't

137 1034 270 1110 Cumque
294 1035 389 1093 altum
412 1054 548 1110 soporem
570 1035 696 1094 maritus
720 1035 904 1110 extenderet,
926 1036 981 1094 illa
1004 1037 1081 1095 ferro
1102 1051 1136 1093 ar·

97 1127 220 1185 1omata
246 1125 426 1199 lucernaque
454 1124 547 1183 modii
574 1124 709 1183 custodia
736 1128 823 1183 eruta
850 1123 997 1201 Cupidine
1025 1123 1137 1203 cognite,

137 1214 209 1272 dum
236 1213 402 1272 inmodeste
431 1213 540 1272 amoris
568 1216 699 1272 torretur
726 1214 849 1288 affectu,
880 1213 1072 1274 scintillantis
1093 1207 1138 1272 olei

137 1303 366 1378 desputamento
403 1302 545 1360 maritum
581 1302 744 1377 succendit,
781 1294 967 1383 fullgiensque
1005 1289 1147 1380 Cupidoll

85 1392 245 1456 116multa
267 1410 356 1466 super
374 1391 547 1450 curiositate
564 1392 683 1465 puellae
701 1390 883 1466 increpitans
902 1391 989 1451 domo
1009 1395 1139 1452 extorrem

139 1499 174 1539 ac
191 1480 352 1557 profugam
370 1479 559 1554 derelinquit.
599 1479 732 1538 Tandem
750 1481 853 1540 multis
870 1480 1018 1540 iactatam
1030 1477 1139 1540 Ueneris

99 1590 125 1630 15
139 1569 394 1644 persecutionibus
422 1571 526 1643 postea
553 1568 625 1626 Ioue
652 1571 772 1644 petente
803 1569 836 1626 in
866 1569 1004 1646 coniugio
1032 1566 1138 1644 accepit

138 1659 280 1716 Poteram
308 1657 427 1732 quidem
454 1657 548 1716 totius
574 1657 696 1716 fabulae
725 1657 860 1717 ordinem
881 1659 937 1717 hoc
964 1659 1066 1718 libello
1087 1673 1139 1734 per·

140 1766 266 1821 omrem,
290 1747 420 1821 qualiter
443 1749 474 1804 et
496 1746 535 1804 ad
557 1746 706 1804 infernum
731 1747 915 1806 descenderit
938 1751 1028 1807 etex
1051 1743 1140 1823 anglis

140 1836 226 1912 aquis
249 1836 389 1893 urnulam
412 1835 590 1894 delibauerit
613 1839 644 1894 et
666 1835 744 1894 Solis
763 1839 898 1894 armenta
916 1837 1028 1896 uellere
1047 1834 1140 1912 spolie·

141 1925 220 1983 uen't
243 1927 274 1982 et
296 1925 442 1983 seminum
464 1924 599 2002 germina
622 1925 746 1984 confusa
775 1925 949 1985 discreuerit
972 1928 1003 1984 et
1025 1925 1062 1985 de
1082 1925 1141 1983 Pn-
1159 1914 1169 1927 ”

101 2036 127 2074 ao
142 2014 278 2090 serpinae
300 2013 520 2089 pulchritudine
543 2013 723 2088 particulam
741 2014 887 2073 moritura
909 2011 1142 2091 praesumpserit

141 2103 193 2162 sed
216 2105 287 2178 quia
309 2103 383 2160 haec
405 2103 590 2160 saturantius
620 2105 651 2160 et
672 2103 818 2178 Apuleius
840 2122 916 2178 pene
939 2102 1066 2163 duorum
1087 2119 1141 2161 con·

141 2192 272 2251 tinentia
297 2191 443 2250 librorum
470 2193 588 2250 tantam
617 2192 785 2251 falsitatum
809 2192 981 2270 congeriem
1004 2211 1107 2252 enarra
1125 2186 1144 2243 'i

142 2284 173 2341 et
199 2280 401 2340 Aristofontea
429 2280 583 2338 Atheneus
610 2280 642 2337 in
668 2281 753 2339 libris
781 2281 833 2356 qui
861 2281 1019 2340 disarastia
1045 2295 1143 2341 nuncu·
1175 2298 1178 2379 1

142 2373 255 2446 pantur
286 2370 362 2428 hanc
393 2369 527 2429 fabulam
557 2369 666 2428 inormi
696 2369 857 2428 uerborum
889 2371 1015 2429 circuitu
1045 2370 1144 2429 discere
1175 2382 1178 2447 l

103 2480 129 2520 25
144 2458 331 2535 cupientibus
354 2458 499 2534 prodidit,
530 2458 567 2517 ob
589 2459 666 2517 hanc
688 2478 751 2516 rem
779 2477 998 2534 superuacuum
1021 2459 1145 2518 duximus

144 2549 181 2607 ab
209 2548 277 2607 aliis
304 2547 421 2623 digesta
448 2547 558 2606 nostris
585 2546 669 2606 libris
696 2548 839 2623 inserere,
872 2566 909 2606 ne
936 2551 1042 2608 nostra
1068 2557 1147 2624 opere

217 2830 231 2877 1
261 2822 368 2893 zephiri
386 2823 519 2878 PDGH
543 2823 565 2892 (i
587 2841 627 2878 em
649 2825 677 2893 y)
776 2824 813 2877 fla
848 2822 922 2878 antis
950 2842 984 2880 eoo
1010 2821 1150 2880 flabrantie

146 2897 178 2950 H
231 2894 387 2966 terripuit
404 2912 448 2950 om
463 2895 490 2950 G
559 2893 716 2949 facilimam
730 2895 788 2950 PR
910 2885 1155 2967 6suffragoRIT

181 2966 301 3035 arripuit
313 2967 352 3021 M
355 2967 381 3023 G
434 2964 697 3035 8puluinalPRI
715 2983 779 3020 -nar
792 2987 813 3018 ω
868 2953 1160 3023 sexcenderetPBI

146 3037 292 3091 excederet
306 3037 370 3092 HT
448 3043 482 3091 10
499 3037 698 3106 lucernamque
712 3037 777 3092 PH
831 3036 921 3091 modii
936 3039 1000 3094 RE
1024 3027 1160 3094 modias

146 3107 240 3161 modio
259 3130 281 3161 ω
352 3108 464 3163 custodi
481 3109 659 3164 Barbdeterr
731 3113 765 3161 14
784 3108 936 3176 dereliquit
952 3111 1034 3182 TDp
1061 3107 1158 3165 dereli·

147 3178 216 3248 quid
234 3179 273 3232 M
296 3181 356 3247 (aab
376 3197 394 3248 q
412 3182 530 3251 certifie
553 3182 657 3235 litterae
675 3198 694 3234 n
709 3183 817 3249 pateat)
908 3186 942 3234 15
966 3182 1084 3250 potente
1103 3179 1159 3235 PR

147 3252 291 3320 petentem
300 3250 342 3322 H,
362 3251 545 3320 potenteml'
591 3250 783 3322 coniugiumd
846 3257 880 3304 20
898 3245 1165 3320 pulcritudinemll

183 3328 216 3375 21
237 3324 267 3376 et
284 3339 327 3377 om
345 3322 362 3392 β
415 3323 486 3377 haec
496 3354 529 3362 -
539 3322 699 3393 congeriem
712 3329 746 3376 22
761 3323 795 3389 cf.
806 3323 882 3394 Virq.
892 3330 962 3378 cent.
968 3342 999 3393 p.
1009 3329 1055 3392 91,
1063 3330 1100 3380 21
1107 3341 1161 3408 sqq.

184 3399 218 3446 22
237 3394 348 3447 tantam
361 3393 423 3448 Re
448 3395 561 3448 tantum
578 3414 600 3448 ω
650 3392 824 3448 enarrauerit
837 3394 875 3448 M
943 3399 978 3447 23
997 3394 1164 3452 disseremus

148 3466 179 3520 D
233 3464 303 3529 Διὸς
320 3461 470 3534 dorserta?
488 3466 623 3536 Plasberq
708 3471 743 3519 24
767 3463 905 3519 famulam
924 3466 982 3521 PR
1056 3467 1166 3523 enormi

148 3536 177 3589 P
217 3537 269 3610 Dp
351 3541 384 3590 25
404 3535 525 3590 diximus
539 3536 631 3592 PRT
647 3538 704 3606 (aed
722 3538 771 3605 em)
852 3542 886 3590 26
904 3536 1026 3592 inserere
1045 3537 1166 3614 librisd
