<?xml version="1.0" encoding="UTF-8"?>
<!DOCTYPE html PUBLIC "-//W3C//DTD XHTML 1.0 Transitional//EN"
    "http://www.w3.org/TR/xhtml1/DTD/xhtml1-transitional.dtd">
<html xmlns="http://www.w3.org/1999/xhtml" xml:lang="en" lang="en">
 <head>
  <title>
</title>
<meta http-equiv="Content-Type" content="text/html;charset=utf-8" />
  <meta name='ocr-system' content='tesseract 3.04.00' />
  <meta name='ocr-capabilities' content='ocr_page ocr_carea ocr_par ocr_line ocrx_word'/>
</head>
<body>
  <div class='ocr_page' id='page_1' title='image "./fabiiplanciadis00fulggoog_0190.png"; bbox 0 0 2408 3856; ppageno 0'>
   <div class='ocr_carea' id='block_1_1' title="bbox 388 171 1075 239">
    <p class='ocr_par' dir='ltr' id='par_1_1' title="bbox 388 171 1075 239">
     <span class='ocr_line' id='line_1_1' title="bbox 388 171 1075 239; baseline 0 -13"><span class='ocrx_word' id='word_1_1' title='bbox 388 171 509 226; x_wconf 87' lang='lat' dir='ltr'><strong>MUNDI</strong></span> <span class='ocrx_word' id='word_1_2' title='bbox 527 171 574 226; x_wconf 83' lang='lat' dir='ltr'><strong>ET</strong></span> <span class='ocrx_word' id='word_1_3' title='bbox 592 171 746 228; x_wconf 84' lang='lat' dir='ltr'>HOMINIS</span> <span class='ocrx_word' id='word_1_4' title='bbox 1011 175 1075 239; x_wconf 80' lang='lat'><strong>165</strong></span> 
     </span>
    </p>
   </div>
   <div class='ocr_carea' id='block_1_2' title="bbox 60 267 1171 385">
    <p class='ocr_par' dir='ltr' id='par_1_2' title="bbox 60 267 1171 385">
     <span class='ocr_line' id='line_1_2' title="bbox 60 267 1171 385; baseline 0.001 -2"><span class='ocrx_word' id='word_1_5' title='bbox 60 321 142 383; x_wconf 89' lang='lat' dir='ltr'><strong>orbis</strong></span> <span class='ocrx_word' id='word_1_6' title='bbox 174 322 309 382; x_wconf 89' lang='lat' dir='ltr'><strong>uictoriis</strong></span> <span class='ocrx_word' id='word_1_7' title='bbox 341 323 539 382; x_wconf 88' lang='lat' dir='ltr'><strong>entheeatum.</strong></span> <span class='ocrx_word' id='word_1_8' title='bbox 588 325 666 384; x_wconf 90' lang='lat' dir='ltr'><strong>Hluo</strong></span> <span class='ocrx_word' id='word_1_9' title='bbox 695 325 805 383; x_wconf 90' lang='lat' dir='ltr'><strong>etenim</strong></span> <span class='ocrx_word' id='word_1_10' title='bbox 832 327 862 384; x_wconf 91' lang='lat' dir='ltr'><strong>et</strong></span> <span class='ocrx_word' id='word_1_11' title='bbox 888 267 1171 385; x_wconf 57' lang='lat' dir='ltr'><strong>Israheliticab&#39;atr</strong></span> 
     </span>
    </p>
   </div>
   <div class='ocr_carea' id='block_1_3' title="bbox 59 411 1166 2802">
    <p class='ocr_par' dir='ltr' id='par_1_3' title="bbox 59 411 1169 2802">
     <span class='ocr_line' id='line_1_3' title="bbox 60 411 1076 494; baseline 0.001 -21"><span class='ocrx_word' id='word_1_12' title='bbox 60 412 246 473; x_wconf 87' lang='lat' dir='ltr'><strong>confluxerat</strong></span> <span class='ocrx_word' id='word_1_13' title='bbox 269 411 365 489; x_wconf 83' lang='lat' dir='ltr'><strong>gloria</strong></span> <span class='ocrx_word' id='word_1_14' title='bbox 388 415 419 471; x_wconf 91' lang='lat' dir='ltr'><strong>et</strong></span> <span class='ocrx_word' id='word_1_15' title='bbox 436 412 625 490; x_wconf 81' lang='lat' dir='ltr'><strong>Aegyptiace</strong></span> <span class='ocrx_word' id='word_1_16' title='bbox 644 414 716 472; x_wconf 89' lang='lat' dir='ltr'><strong>olim</strong></span> <span class='ocrx_word' id='word_1_17' title='bbox 738 414 854 473; x_wconf 87' lang='lat' dir='ltr'><strong>famosa</strong></span> <span class='ocrx_word' id='word_1_18' title='bbox 875 415 1076 494; x_wconf 84' lang='lat' dir='ltr'><strong>conmigrarat</strong></span> 
     </span>
     <span class='ocr_line' id='line_1_4' title="bbox 59 500 1075 580; baseline 0.003 -19"><span class='ocrx_word' id='word_1_19' title='bbox 59 500 207 578; x_wconf 88' lang='lat' dir='ltr'><strong>potentia,</strong></span> <span class='ocrx_word' id='word_1_20' title='bbox 225 501 297 560; x_wconf 90' lang='lat' dir='ltr'><strong>illue</strong></span> <span class='ocrx_word' id='word_1_21' title='bbox 312 500 469 577; x_wconf 81' lang='lat' dir='ltr'><strong>Spartana,</strong></span> <span class='ocrx_word' id='word_1_22' title='bbox 487 502 561 561; x_wconf 84' lang='lat' dir='ltr'><strong>illue</strong></span> <span class='ocrx_word' id='word_1_23' title='bbox 574 502 741 562; x_wconf 87' lang='lat' dir='ltr'><strong>Athenaica</strong></span> <span class='ocrx_word' id='word_1_24' title='bbox 756 506 846 578; x_wconf 89' lang='lat' dir='ltr'><strong>atque</strong></span> <span class='ocrx_word' id='word_1_25' title='bbox 864 503 1075 580; x_wconf 88' lang='lat' dir='ltr'><strong>insuperabilis</strong></span> 
     </span>
     <span class='ocr_line' id='line_1_5' title="bbox 59 589 1075 669; baseline 0.002 -19"><span class='ocrx_word' id='word_1_26' title='bbox 59 591 160 650; x_wconf 91' lang='lat' dir='ltr'><strong>uirtus</strong></span> <span class='ocrx_word' id='word_1_27' title='bbox 183 589 328 650; x_wconf 67' lang='lat' dir='ltr'><strong>deuolute⁴</strong></span> <span class='ocrx_word' id='word_1_28' title='bbox 352 593 480 650; x_wconf 89' lang='lat' dir='ltr'><strong>cesserat</strong></span> <span class='ocrx_word' id='word_1_29' title='bbox 503 590 630 667; x_wconf 76' lang='lat' dir='ltr'><strong>Septies.</strong></span> <span class='ocrx_word' id='word_1_30' title='bbox 676 592 721 650; x_wconf 92' lang='lat' dir='ltr'><strong>De</strong></span> <span class='ocrx_word' id='word_1_31' title='bbox 746 611 804 667; x_wconf 92' lang='lat' dir='ltr'><strong>quo</strong></span> <span class='ocrx_word' id='word_1_32' title='bbox 827 611 918 669; x_wconf 78' lang='lat' dir='ltr'><strong>regno</strong></span> <span class='ocrx_word' id='word_1_33' title='bbox 942 612 961 652; x_wconf 90' lang='lat' dir='ltr'><strong>a</strong></span> <span class='ocrx_word' id='word_1_34' title='bbox 983 593 1075 652; x_wconf 87' lang='lat' dir='ltr'><strong>uicies</strong></span> 
     </span>
     <span class='ocr_line' id='line_1_6' title="bbox 59 679 1102 758; baseline 0.004 -20"><span class='ocrx_word' id='word_1_35' title='bbox 59 679 158 739; x_wconf 87' lang='lat' dir='ltr'><strong>milies</strong></span> <span class='ocrx_word' id='word_1_36' title='bbox 181 681 302 738; x_wconf 89' lang='lat' dir='ltr'><strong>centum</strong></span> <span class='ocrx_word' id='word_1_37' title='bbox 321 679 474 758; x_wconf 87' lang='lat' dir='ltr'><strong>octoginta</strong></span> <span class='ocrx_word' id='word_1_38' title='bbox 491 679 576 739; x_wconf 88' lang='lat' dir='ltr'><strong>milia</strong></span> <span class='ocrx_word' id='word_1_39' title='bbox 593 681 689 740; x_wconf 86' lang='lat' dir='ltr'><strong>tribus</strong></span> <span class='ocrx_word' id='word_1_40' title='bbox 711 681 833 756; x_wconf 88' lang='lat' dir='ltr'><strong>proeliis</strong></span> <span class='ocrx_word' id='word_1_41' title='bbox 853 699 920 740; x_wconf 87' lang='lat' dir='ltr'><strong>cesa</strong></span> <span class='ocrx_word' id='word_1_42' title='bbox 937 682 1102 744; x_wconf 83' lang='lat' dir='ltr'><strong>ferunturs</strong></span> 
     </span>
     <span class='ocr_line' id='line_1_7' title="bbox 60 769 1075 830; baseline 0.002 -3"><span class='ocrx_word' id='word_1_43' title='bbox 60 787 117 827; x_wconf 93' lang='lat' dir='ltr'><strong>nee</strong></span> <span class='ocrx_word' id='word_1_44' title='bbox 147 770 248 826; x_wconf 89' lang='lat' dir='ltr'><strong>tamen</strong></span> <span class='ocrx_word' id='word_1_45' title='bbox 280 772 384 828; x_wconf 88' lang='lat' dir='ltr'><strong>tantae</strong></span> <span class='ocrx_word' id='word_1_46' title='bbox 416 769 508 828; x_wconf 84' lang='lat' dir='ltr'><strong>cladis</strong></span> <span class='ocrx_word' id='word_1_47' title='bbox 541 769 633 828; x_wconf 91' lang='lat' dir='ltr'><strong>sensit</strong></span> <span class='ocrx_word' id='word_1_48' title='bbox 664 769 823 829; x_wconf 90' lang='lat' dir='ltr'><strong>Babilonia</strong></span> <span class='ocrx_word' id='word_1_49' title='bbox 854 771 1075 830; x_wconf 81' lang='lat' dir='ltr'><strong>detrimentum.</strong></span> 
     </span>
     <span class='ocr_line' id='line_1_8' title="bbox 61 856 1074 935; baseline 0.002 -19"><span class='ocrx_word' id='word_1_50' title='bbox 61 856 136 926; x_wconf 83' lang='lat' dir='ltr'><strong>Quis</strong></span> <span class='ocrx_word' id='word_1_51' title='bbox 155 858 233 916; x_wconf 84' lang='lat' dir='ltr'><strong>ferat</strong></span> <span class='ocrx_word' id='word_1_52' title='bbox 250 857 331 932; x_wconf 91' lang='lat' dir='ltr'><strong>haee,</strong></span> <span class='ocrx_word' id='word_1_53' title='bbox 355 857 473 918; x_wconf 90' lang='lat' dir='ltr'><strong>domine</strong></span> <span class='ocrx_word' id='word_1_54' title='bbox 491 858 572 917; x_wconf 88' lang='lat' dir='ltr'><strong>Deus</strong></span> <span class='ocrx_word' id='word_1_55' title='bbox 590 878 682 935; x_wconf 89' lang='lat' dir='ltr'><strong>meus,</strong></span> <span class='ocrx_word' id='word_1_56' title='bbox 706 859 799 918; x_wconf 89' lang='lat' dir='ltr'><strong>totius</strong></span> <span class='ocrx_word' id='word_1_57' title='bbox 819 859 898 918; x_wconf 88' lang='lat' dir='ltr'><strong>orbis</strong></span> <span class='ocrx_word' id='word_1_58' title='bbox 916 859 1074 918; x_wconf 87' lang='lat' dir='ltr'><strong>ineffabilis</strong></span> 
     </span>
     <span class='ocr_line' id='line_1_9' title="bbox 61 945 1074 1022; baseline 0.001 -16"><span class='ocrx_word' id='word_1_59' title='bbox 61 945 205 1006; x_wconf 87' lang='lat' dir='ltr'><strong>eonditor.</strong></span> <span class='ocrx_word' id='word_1_60' title='bbox 237 945 346 1006; x_wconf 88' lang='lat' dir='ltr'><strong>Deficit</strong></span> <span class='ocrx_word' id='word_1_61' title='bbox 364 947 539 1022; x_wconf 88' lang='lat' dir='ltr'><strong>supputatio</strong></span> <span class='ocrx_word' id='word_1_62' title='bbox 557 948 737 1007; x_wconf 90' lang='lat' dir='ltr'><strong>morientum</strong></span> <span class='ocrx_word' id='word_1_63' title='bbox 754 949 786 1006; x_wconf 88' lang='lat' dir='ltr'><strong>in</strong></span> <span class='ocrx_word' id='word_1_64' title='bbox 804 968 940 1007; x_wconf 89' lang='lat' dir='ltr'><strong>numero:</strong></span> <span class='ocrx_word' id='word_1_65' title='bbox 960 968 1074 1007; x_wconf 89' lang='lat' dir='ltr'><strong>aerum·</strong></span> 
     </span>
     <span class='ocr_line' id='line_1_10' title="bbox 60 1035 1076 1114; baseline 0.003 -21"><span class='ocrx_word' id='word_1_66' title='bbox 60 1054 119 1094; x_wconf 91' lang='lat' dir='ltr'><strong>nae</strong></span> <span class='ocrx_word' id='word_1_67' title='bbox 137 1035 219 1094; x_wconf 90' lang='lat' dir='ltr'><strong>loeus</strong></span> <span class='ocrx_word' id='word_1_68' title='bbox 237 1035 377 1095; x_wconf 90' lang='lat' dir='ltr'><strong>Partiaeo</strong></span> <span class='ocrx_word' id='word_1_69' title='bbox 395 1055 456 1095; x_wconf 89' lang='lat' dir='ltr'><strong>non</strong></span> <span class='ocrx_word' id='word_1_70' title='bbox 473 1036 576 1112; x_wconf 89' lang='lat' dir='ltr'><strong>paruit</strong></span> <span class='ocrx_word' id='word_1_71' title='bbox 597 1056 698 1114; x_wconf 83' lang='lat' dir='ltr'><strong>regno.</strong></span> <span class='ocrx_word' id='word_1_72' title='bbox 737 1036 769 1095; x_wconf 83' lang='lat' dir='ltr'><strong>Si</strong></span> <span class='ocrx_word' id='word_1_73' title='bbox 792 1037 1011 1096; x_wconf 77' lang='lat' dir='ltr'>inaestimabile</span> <span class='ocrx_word' id='word_1_74' title='bbox 1030 1040 1076 1096; x_wconf 89' lang='lat' dir='ltr'><strong>est</strong></span> 
     </span>
     <span class='ocr_line' id='line_1_11' title="bbox 61 1123 1115 1203; baseline 0.003 -20"><span class='ocrx_word' id='word_1_75' title='bbox 61 1125 143 1201; x_wconf 90' lang='lat' dir='ltr'><strong>quod</strong></span> <span class='ocrx_word' id='word_1_76' title='bbox 164 1143 225 1183; x_wconf 90' lang='lat' dir='ltr'><strong>una</strong></span> <span class='ocrx_word' id='word_1_77' title='bbox 248 1123 403 1202; x_wconf 90' lang='lat' dir='ltr'><strong>prouincia</strong></span> <span class='ocrx_word' id='word_1_78' title='bbox 425 1125 564 1201; x_wconf 85' lang='lat' dir='ltr'><strong>perdidit,</strong></span> <span class='ocrx_word' id='word_1_79' title='bbox 587 1126 653 1201; x_wconf 90' lang='lat' dir='ltr'><strong>quis</strong></span> <span class='ocrx_word' id='word_1_80' title='bbox 677 1129 745 1202; x_wconf 92' lang='lat' dir='ltr'><strong>tua,</strong></span> <span class='ocrx_word' id='word_1_81' title='bbox 769 1127 857 1203; x_wconf 89' lang='lat' dir='ltr'><strong>orbis,</strong></span> <span class='ocrx_word' id='word_1_82' title='bbox 881 1145 971 1202; x_wconf 89' lang='lat' dir='ltr'><strong>opera</strong></span> <span class='ocrx_word' id='word_1_83' title='bbox 994 1126 1074 1185; x_wconf 85' lang='lat' dir='ltr'><strong>suffi-</strong></span> <span class='ocrx_word' id='word_1_84' title='bbox 1089 1147 1115 1186; x_wconf 89' lang='lat' dir='ltr'><strong>ro</strong></span> 
     </span>
     <span class='ocr_line' id='line_1_12' title="bbox 61 1213 1076 1293; baseline 0 -20"><span class='ocrx_word' id='word_1_85' title='bbox 61 1213 141 1274; x_wconf 89' lang='lat' dir='ltr'><strong>ciens</strong></span> <span class='ocrx_word' id='word_1_86' title='bbox 174 1214 334 1273; x_wconf 73' lang='lat' dir='ltr'><strong>enarrabit.</strong></span> <span class='ocrx_word' id='word_1_87' title='bbox 388 1214 488 1292; x_wconf 82' lang='lat' dir='ltr'><strong>Igitur</strong></span> <span class='ocrx_word' id='word_1_88' title='bbox 513 1213 677 1273; x_wconf 78' lang='lat' dir='ltr'><strong>Alexandri</strong></span> <span class='ocrx_word' id='word_1_89' title='bbox 708 1215 828 1290; x_wconf 88' lang='lat' dir='ltr'><strong>rapidos</strong></span> <span class='ocrx_word' id='word_1_90' title='bbox 860 1215 1006 1293; x_wconf 85' lang='lat' dir='ltr'><strong>regnandi</strong></span> <span class='ocrx_word' id='word_1_91' title='bbox 1037 1215 1076 1274; x_wconf 92' lang='lat' dir='ltr'><strong>ad</strong></span> 
     </span>
     <span class='ocr_line' id='line_1_13' title="bbox 61 1303 1076 1378; baseline 0 -16"><span class='ocrx_word' id='word_1_92' title='bbox 61 1303 258 1378; x_wconf 88' lang='lat' dir='ltr'><strong>cupiditatem</strong></span> <span class='ocrx_word' id='word_1_93' title='bbox 292 1303 407 1363; x_wconf 88' lang='lat' dir='ltr'><strong>animos</strong></span> <span class='ocrx_word' id='word_1_94' title='bbox 439 1306 544 1362; x_wconf 90' lang='lat' dir='ltr'><strong>tantae</strong></span> <span class='ocrx_word' id='word_1_95' title='bbox 579 1303 781 1363; x_wconf 77' lang='lat' dir='ltr'><strong>inmensitatis</strong></span> <span class='ocrx_word' id='word_1_96' title='bbox 816 1304 979 1363; x_wconf 88' lang='lat' dir='ltr'><strong>multitudo</strong></span> <span class='ocrx_word' id='word_1_97' title='bbox 1015 1322 1076 1363; x_wconf 92' lang='lat' dir='ltr'><strong>non</strong></span> 
     </span>
     <span class='ocr_line' id='line_1_14' title="bbox 60 1392 1076 1470; baseline 0 -20"><span class='ocrx_word' id='word_1_98' title='bbox 60 1392 183 1468; x_wconf 87' lang='lat' dir='ltr'><strong>terruit,</strong></span> <span class='ocrx_word' id='word_1_99' title='bbox 211 1392 263 1451; x_wconf 88' lang='lat' dir='ltr'><strong>sed</strong></span> <span class='ocrx_word' id='word_1_100' title='bbox 284 1392 491 1452; x_wconf 76' lang='lat' dir='ltr'><strong>indubitanter</strong></span> <span class='ocrx_word' id='word_1_101' title='bbox 512 1412 646 1470; x_wconf 83' lang='lat' dir='ltr'><strong>pugnam</strong></span> <span class='ocrx_word' id='word_1_102' title='bbox 668 1393 852 1469; x_wconf 79' lang='lat' dir='ltr'><strong>insperatam</strong></span> <span class='ocrx_word' id='word_1_103' title='bbox 875 1393 1017 1469; x_wconf 88' lang='lat' dir='ltr'><strong>arripuit,</strong></span> <span class='ocrx_word' id='word_1_104' title='bbox 1045 1395 1076 1451; x_wconf 90' lang='lat' dir='ltr'><strong>et</strong></span> 
     </span>
     <span class='ocr_line' id='line_1_15' title="bbox 61 1481 1075 1558; baseline 0.002 -19"><span class='ocrx_word' id='word_1_105' title='bbox 61 1481 214 1557; x_wconf 89' lang='lat' dir='ltr'><strong>insperato</strong></span> <span class='ocrx_word' id='word_1_106' title='bbox 242 1481 399 1542; x_wconf 84' lang='lat' dir='ltr'><strong>uictoriam</strong></span> <span class='ocrx_word' id='word_1_107' title='bbox 427 1481 595 1540; x_wconf 89' lang='lat' dir='ltr'><strong>dubitatam</strong></span> <span class='ocrx_word' id='word_1_108' title='bbox 621 1483 746 1541; x_wconf 91' lang='lat' dir='ltr'><strong>inuenit.</strong></span> <span class='ocrx_word' id='word_1_109' title='bbox 791 1482 894 1541; x_wconf 84' lang='lat' dir='ltr'><strong>Uinoit</strong></span> <span class='ocrx_word' id='word_1_110' title='bbox 920 1483 952 1540; x_wconf 89' lang='lat' dir='ltr'><strong>in</strong></span> <span class='ocrx_word' id='word_1_111' title='bbox 979 1501 1075 1558; x_wconf 90' lang='lat' dir='ltr'><strong>paruo</strong></span> 
     </span>
     <span class='ocr_line' id='line_1_16' title="bbox 63 1569 1115 1648; baseline 0.005 -20"><span class='ocrx_word' id='word_1_112' title='bbox 63 1570 170 1646; x_wconf 89' lang='lat' dir='ltr'><strong>quibus</strong></span> <span class='ocrx_word' id='word_1_113' title='bbox 189 1569 322 1629; x_wconf 88' lang='lat' dir='ltr'><strong>sufficere</strong></span> <span class='ocrx_word' id='word_1_114' title='bbox 341 1590 401 1630; x_wconf 88' lang='lat' dir='ltr'><strong>non</strong></span> <span class='ocrx_word' id='word_1_115' title='bbox 418 1574 538 1646; x_wconf 88' lang='lat' dir='ltr'><strong>poterat</strong></span> <span class='ocrx_word' id='word_1_116' title='bbox 554 1572 750 1646; x_wconf 71' lang='lat' dir='ltr'><strong>numerando,</strong></span> <span class='ocrx_word' id='word_1_117' title='bbox 769 1574 890 1647; x_wconf 87' lang='lat' dir='ltr'><strong>superat</strong></span> <span class='ocrx_word' id='word_1_118' title='bbox 904 1572 1076 1648; x_wconf 84' lang='lat' dir='ltr'><strong>effugatum,</strong></span> <span class='ocrx_word' id='word_1_119' title='bbox 1090 1591 1115 1633; x_wconf 84' lang='lat'><strong>15</strong></span> 
     </span>
     <span class='ocr_line' id='line_1_17' title="bbox 62 1658 1077 1736; baseline 0.001 -19"><span class='ocrx_word' id='word_1_120' title='bbox 62 1659 199 1735; x_wconf 90' lang='lat' dir='ltr'><strong>sequitur</strong></span> <span class='ocrx_word' id='word_1_121' title='bbox 224 1658 399 1736; x_wconf 86' lang='lat' dir='ltr'><strong>fugitiuum,</strong></span> <span class='ocrx_word' id='word_1_122' title='bbox 426 1661 543 1719; x_wconf 90' lang='lat' dir='ltr'><strong>inuenit</strong></span> <span class='ocrx_word' id='word_1_123' title='bbox 569 1662 760 1720; x_wconf 81' lang='lat' dir='ltr'><strong>uniueratum</strong></span> <span class='ocrx_word' id='word_1_124' title='bbox 788 1680 878 1720; x_wconf 91' lang='lat' dir='ltr'><strong>aureo</strong></span> <span class='ocrx_word' id='word_1_125' title='bbox 902 1663 1077 1719; x_wconf 88' lang='lat' dir='ltr'><strong>catenarum</strong></span> 
     </span>
     <span class='ocr_line' id='line_1_18' title="bbox 61 1747 1076 1826; baseline 0.004 -22"><span class='ocrx_word' id='word_1_126' title='bbox 61 1747 225 1826; x_wconf 83' lang='lat' dir='ltr'><strong>ligamento</strong></span> <span class='ocrx_word' id='word_1_127' title='bbox 249 1749 448 1807; x_wconf 82' lang='lat' dir='ltr'><strong>constrictum.</strong></span> <span class='ocrx_word' id='word_1_128' title='bbox 492 1748 621 1808; x_wconf 82' lang='lat' dir='ltr'><strong>Praebet</strong></span> <span class='ocrx_word' id='word_1_129' title='bbox 642 1751 762 1808; x_wconf 91' lang='lat' dir='ltr'><strong>inanem</strong></span> <span class='ocrx_word' id='word_1_130' title='bbox 789 1750 1009 1809; x_wconf 79' lang='lat' dir='ltr'><strong>misericordiae</strong></span> <span class='ocrx_word' id='word_1_131' title='bbox 1032 1768 1076 1808; x_wconf 89' lang='lat' dir='ltr'><strong>se·</strong></span> 
     </span>
     <span class='ocr_line' id='line_1_19' title="bbox 61 1836 1077 1914; baseline 0.002 -20"><span class='ocrx_word' id='word_1_132' title='bbox 61 1837 215 1913; x_wconf 90' lang='lat' dir='ltr'><strong>pulturam</strong></span> <span class='ocrx_word' id='word_1_133' title='bbox 233 1837 300 1912; x_wconf 75' lang='lat' dir='ltr'>ill03</span> <span class='ocrx_word' id='word_1_134' title='bbox 318 1836 396 1896; x_wconf 86' lang='lat' dir='ltr'><strong>filias</strong></span> <span class='ocrx_word' id='word_1_135' title='bbox 415 1837 506 1896; x_wconf 89' lang='lat' dir='ltr'><strong>etiam</strong></span> <span class='ocrx_word' id='word_1_136' title='bbox 521 1855 594 1913; x_wconf 88' lang='lat' dir='ltr'><strong>quas</strong></span> <span class='ocrx_word' id='word_1_137' title='bbox 609 1857 724 1898; x_wconf 88' lang='lat' dir='ltr'><strong>sorores</strong></span> <span class='ocrx_word' id='word_1_138' title='bbox 739 1884 835 1897; x_wconf 90' lang='grc'><strong>.....</strong></span> <span class='ocrx_word' id='word_1_139' title='bbox 857 1839 940 1898; x_wconf 91' lang='lat' dir='ltr'><strong>Iuste</strong></span> <span class='ocrx_word' id='word_1_140' title='bbox 954 1837 1077 1914; x_wconf 89' lang='lat' dir='ltr'><strong>quidem</strong></span> 
     </span>
     <span class='ocr_line' id='line_1_20' title="bbox 61 1926 1076 2003; baseline 0.003 -20"><span class='ocrx_word' id='word_1_141' title='bbox 61 1926 115 1984; x_wconf 87' lang='lat' dir='ltr'><strong>ille</strong></span> <span class='ocrx_word' id='word_1_142' title='bbox 138 1926 234 1984; x_wconf 89' lang='lat' dir='ltr'><strong>uitam</strong></span> <span class='ocrx_word' id='word_1_143' title='bbox 251 1926 390 2002; x_wconf 81' lang='lat' dir='ltr'><strong>perdidit,</strong></span> <span class='ocrx_word' id='word_1_144' title='bbox 413 1946 538 2003; x_wconf 80' lang='lat' dir='ltr'><strong>regnum</strong></span> <span class='ocrx_word' id='word_1_145' title='bbox 560 1927 669 2002; x_wconf 87' lang='lat' dir='ltr'><strong>amisit,</strong></span> <span class='ocrx_word' id='word_1_146' title='bbox 694 1927 745 2002; x_wconf 91' lang='lat' dir='ltr'><strong>qui</strong></span> <span class='ocrx_word' id='word_1_147' title='bbox 768 1930 937 1986; x_wconf 87' lang='lat' dir='ltr'><strong>maternum</strong></span> <span class='ocrx_word' id='word_1_148' title='bbox 959 1927 1076 1986; x_wconf 88' lang='lat' dir='ltr'><strong>uiolans</strong></span> 
     </span>
     <span class='ocr_line' id='line_1_21' title="bbox 61 2015 1118 2092; baseline 0.005 -18"><span class='ocrx_word' id='word_1_149' title='bbox 61 2017 281 2074; x_wconf 86' lang='lat' dir='ltr'><strong>sacramentum</strong></span> <span class='ocrx_word' id='word_1_150' title='bbox 304 2033 390 2074; x_wconf 90' lang='lat' dir='ltr'><strong>suum</strong></span> <span class='ocrx_word' id='word_1_151' title='bbox 412 2033 443 2074; x_wconf 89' lang='lat' dir='ltr'><strong>se</strong></span> <span class='ocrx_word' id='word_1_152' title='bbox 466 2015 575 2074; x_wconf 87' lang='lat' dir='ltr'><strong>maluit</strong></span> <span class='ocrx_word' id='word_1_153' title='bbox 593 2034 656 2075; x_wconf 90' lang='lat' dir='ltr'><strong>esse</strong></span> <span class='ocrx_word' id='word_1_154' title='bbox 674 2016 823 2092; x_wconf 88' lang='lat' dir='ltr'><strong>uitricum,</strong></span> <span class='ocrx_word' id='word_1_155' title='bbox 846 2019 964 2092; x_wconf 89' lang='lat' dir='ltr'><strong>patrem</strong></span> <span class='ocrx_word' id='word_1_156' title='bbox 984 2016 1077 2075; x_wconf 89' lang='lat' dir='ltr'><strong>etiam</strong></span> <span class='ocrx_word' id='word_1_157' title='bbox 1090 2036 1118 2077; x_wconf 80' lang='lat' dir='ltr'><strong>so</strong></span> 
     </span>
     <span class='ocr_line' id='line_1_22' title="bbox 61 2104 1166 2181; baseline 0.002 -20"><span class='ocrx_word' id='word_1_158' title='bbox 61 2122 284 2181; x_wconf 80' lang='lat' dir='ltr'><strong>germanarum3</strong></span> <span class='ocrx_word' id='word_1_159' title='bbox 315 2123 369 2162; x_wconf 88' lang='lat' dir='ltr'><strong>neo</strong></span> <span class='ocrx_word' id='word_1_160' title='bbox 396 2104 504 2179; x_wconf 88' lang='lat' dir='ltr'><strong>puduit</strong></span> <span class='ocrx_word' id='word_1_161' title='bbox 530 2104 602 2163; x_wconf 90' lang='lat' dir='ltr'><strong>illue</strong></span> <span class='ocrx_word' id='word_1_162' title='bbox 628 2108 747 2180; x_wconf 82' lang='lat' dir='ltr'><strong>partem</strong></span> <span class='ocrx_word' id='word_1_163' title='bbox 777 2106 983 2181; x_wconf 86' lang='lat' dir='ltr'><strong>turpissimam</strong></span> <span class='ocrx_word' id='word_1_164' title='bbox 1009 2104 1076 2163; x_wconf 89' lang='lat' dir='ltr'><strong>libi-</strong></span> <span class='ocrx_word' id='word_1_165' title='bbox 1156 2120 1166 2163; x_wconf 81' lang='grc' dir='ltr'><strong>-ῐ</strong></span> 
     </span>
     <span class='ocr_line' id='line_1_23' title="bbox 61 2186 1123 2275; baseline 0.003 -25"><span class='ocrx_word' id='word_1_166' title='bbox 61 2192 169 2251; x_wconf 88' lang='lat' dir='ltr'><strong>dinans</strong></span> <span class='ocrx_word' id='word_1_167' title='bbox 198 2191 312 2252; x_wconf 90' lang='lat' dir='ltr'><strong>obicere</strong></span> <span class='ocrx_word' id='word_1_168' title='bbox 339 2192 484 2268; x_wconf 79' lang='lat' dir='ltr'><strong>emperie,</strong></span> <span class='ocrx_word' id='word_1_169' title='bbox 515 2194 593 2252; x_wconf 88' lang='lat' dir='ltr'><strong>unde</strong></span> <span class='ocrx_word' id='word_1_170' title='bbox 625 2186 765 2275; x_wconf 55' lang='lat' dir='ltr'><strong>priffmum</strong></span> <span class='ocrx_word' id='word_1_171' title='bbox 792 2195 946 2270; x_wconf 88' lang='lat' dir='ltr'><strong>prodierat</strong></span> <span class='ocrx_word' id='word_1_172' title='bbox 976 2193 1076 2271; x_wconf 86' lang='lat' dir='ltr'><strong>imago</strong></span> <span class='ocrx_word' id='word_1_173' title='bbox 1087 2207 1123 2258; x_wconf 85' lang='lat'><strong>39</strong></span> 
     </span>
     <span class='ocr_line' id='line_1_24' title="bbox 60 2279 1077 2359; baseline 0 -20"><span class='ocrx_word' id='word_1_174' title='bbox 60 2280 220 2340; x_wconf 83' lang='lat' dir='ltr'><strong>nascentis.</strong></span> <span class='ocrx_word' id='word_1_175' title='bbox 269 2279 343 2339; x_wconf 89' lang='lat' dir='ltr'><strong>Post</strong></span> <span class='ocrx_word' id='word_1_176' title='bbox 373 2281 447 2340; x_wconf 90' lang='lat' dir='ltr'><strong>haec</strong></span> <span class='ocrx_word' id='word_1_177' title='bbox 478 2283 563 2359; x_wconf 84' lang='lat' dir='ltr'><strong>regni</strong></span> <span class='ocrx_word' id='word_1_178' title='bbox 595 2283 687 2341; x_wconf 90' lang='lat' dir='ltr'><strong>etiam</strong></span> <span class='ocrx_word' id='word_1_179' title='bbox 713 2282 825 2341; x_wconf 84' lang='lat' dir='ltr'><strong>Persici</strong></span> <span class='ocrx_word' id='word_1_180' title='bbox 857 2282 985 2343; x_wconf 89' lang='lat' dir='ltr'><strong>uictoria</strong></span> <span class='ocrx_word' id='word_1_181' title='bbox 1016 2302 1077 2342; x_wconf 89' lang='lat' dir='ltr'><strong>non</strong></span> 
     </span>
     <span class='ocr_line' id='line_1_25' title="bbox 61 2370 1077 2447; baseline -0.002 -17"><span class='ocrx_word' id='word_1_182' title='bbox 61 2371 233 2445; x_wconf 88' lang='lat' dir='ltr'><strong>contentus,</strong></span> <span class='ocrx_word' id='word_1_183' title='bbox 261 2388 319 2445; x_wconf 92' lang='lat' dir='ltr'><strong>quo</strong></span> <span class='ocrx_word' id='word_1_184' title='bbox 346 2370 440 2429; x_wconf 89' lang='lat' dir='ltr'><strong>totius</strong></span> <span class='ocrx_word' id='word_1_185' title='bbox 470 2371 576 2429; x_wconf 88' lang='lat' dir='ltr'><strong>mundi</strong></span> <span class='ocrx_word' id='word_1_186' title='bbox 603 2371 785 2430; x_wconf 81' lang='lat' dir='ltr'><strong>confluxerat</strong></span> <span class='ocrx_word' id='word_1_187' title='bbox 812 2371 994 2446; x_wconf 86' lang='lat' dir='ltr'><strong>dominatus,</strong></span> <span class='ocrx_word' id='word_1_188' title='bbox 1023 2371 1077 2447; x_wconf 91' lang='lat' dir='ltr'><strong>qui</strong></span> 
     </span>
     <span class='ocr_line' id='line_1_26' title="bbox 60 2458 1116 2536; baseline 0.004 -20"><span class='ocrx_word' id='word_1_189' title='bbox 60 2460 163 2535; x_wconf 88' lang='lat' dir='ltr'><strong>posset</strong></span> <span class='ocrx_word' id='word_1_190' title='bbox 194 2460 225 2516; x_wconf 92' lang='lat' dir='ltr'><strong>et</strong></span> <span class='ocrx_word' id='word_1_191' title='bbox 256 2458 411 2517; x_wconf 89' lang='lat' dir='ltr'><strong>uniuersas</strong></span> <span class='ocrx_word' id='word_1_192' title='bbox 444 2459 590 2518; x_wconf 89' lang='lat' dir='ltr'><strong>auaritiae</strong></span> <span class='ocrx_word' id='word_1_193' title='bbox 622 2462 759 2518; x_wconf 84' lang='lat' dir='ltr'><strong>saturare</strong></span> <span class='ocrx_word' id='word_1_194' title='bbox 788 2460 946 2536; x_wconf 85' lang='lat' dir='ltr'><strong>uoragines</strong></span> <span class='ocrx_word' id='word_1_195' title='bbox 975 2493 1017 2500; x_wconf 90' lang='lat'><em>-</em></span> <span class='ocrx_word' id='word_1_196' title='bbox 1047 2461 1116 2520; x_wconf 81' lang='lat' dir='ltr'><strong>etas</strong></span> 
     </span>
     <span class='ocr_line' id='line_1_27' title="bbox 59 2546 1076 2624; baseline 0.002 -20"><span class='ocrx_word' id='word_1_197' title='bbox 59 2546 137 2605; x_wconf 86' lang='lat' dir='ltr'><strong>nihil</strong></span> <span class='ocrx_word' id='word_1_198' title='bbox 159 2547 240 2605; x_wconf 89' lang='lat' dir='ltr'><strong>ultra</strong></span> <span class='ocrx_word' id='word_1_199' title='bbox 262 2549 331 2623; x_wconf 89' lang='lat' dir='ltr'><strong>post</strong></span> <span class='ocrx_word' id='word_1_200' title='bbox 353 2547 430 2606; x_wconf 88' lang='lat' dir='ltr'><strong>hune</strong></span> <span class='ocrx_word' id='word_1_201' title='bbox 449 2550 605 2623; x_wconf 86' lang='lat' dir='ltr'><strong>quaereret</strong></span> <span class='ocrx_word' id='word_1_202' title='bbox 628 2549 680 2624; x_wconf 90' lang='lat' dir='ltr'><strong>qui</strong></span> <span class='ocrx_word' id='word_1_203' title='bbox 699 2548 790 2607; x_wconf 90' lang='lat' dir='ltr'><strong>etiam</strong></span> <span class='ocrx_word' id='word_1_204' title='bbox 809 2548 971 2624; x_wconf 88' lang='lat' dir='ltr'><strong>aliquando</strong></span> <span class='ocrx_word' id='word_1_205' title='bbox 995 2551 1076 2607; x_wconf 87' lang='lat' dir='ltr'><strong>satu·</strong></span> 
     </span>
     <span class='ocr_line' id='line_1_28' title="bbox 60 2635 1076 2712; baseline 0 -18"><span class='ocrx_word' id='word_1_206' title='bbox 60 2635 124 2694; x_wconf 91' lang='lat' dir='ltr'><strong>rari</strong></span> <span class='ocrx_word' id='word_1_207' title='bbox 146 2655 206 2695; x_wconf 89' lang='lat' dir='ltr'><strong>non</strong></span> <span class='ocrx_word' id='word_1_208' title='bbox 228 2637 329 2710; x_wconf 88' lang='lat' dir='ltr'><strong>posset</strong></span> <span class='ocrx_word' id='word_1_209' title='bbox 348 2669 400 2711; x_wconf 90' lang='lat'><strong>—,</strong></span> <span class='ocrx_word' id='word_1_210' title='bbox 417 2640 520 2696; x_wconf 90' lang='lat' dir='ltr'><strong>tamen</strong></span> <span class='ocrx_word' id='word_1_211' title='bbox 536 2638 656 2696; x_wconf 90' lang='lat' dir='ltr'><strong>Indicos</strong></span> <span class='ocrx_word' id='word_1_212' title='bbox 679 2637 751 2696; x_wconf 86' lang='lat' dir='ltr'><strong>fines</strong></span> <span class='ocrx_word' id='word_1_213' title='bbox 776 2640 846 2696; x_wconf 89' lang='lat' dir='ltr'><strong>ante</strong></span> <span class='ocrx_word' id='word_1_214' title='bbox 869 2637 1008 2712; x_wconf 90' lang='lat' dir='ltr'><strong>cuiquam</strong></span> <span class='ocrx_word' id='word_1_215' title='bbox 1030 2637 1076 2694; x_wconf 91' lang='lat' dir='ltr'><strong>in·</strong></span> 
     </span>
     <span class='ocr_line' id='line_1_29' title="bbox 62 2725 1076 2802; baseline 0.001 -19"><span class='ocrx_word' id='word_1_216' title='bbox 62 2743 195 2784; x_wconf 88' lang='lat' dir='ltr'><strong>accessos</strong></span> <span class='ocrx_word' id='word_1_217' title='bbox 223 2725 367 2784; x_wconf 88' lang='lat' dir='ltr'><strong>sollicitat</strong></span> <span class='ocrx_word' id='word_1_218' title='bbox 393 2728 425 2784; x_wconf 90' lang='lat' dir='ltr'><strong>et</strong></span> <span class='ocrx_word' id='word_1_219' title='bbox 446 2725 566 2802; x_wconf 87' lang='lat' dir='ltr'><strong>ignotos</strong></span> <span class='ocrx_word' id='word_1_220' title='bbox 593 2729 695 2786; x_wconf 91' lang='lat' dir='ltr'><strong>nostro</strong></span> <span class='ocrx_word' id='word_1_221' title='bbox 719 2727 840 2786; x_wconf 89' lang='lat' dir='ltr'><strong>saeculo</strong></span> <span class='ocrx_word' id='word_1_222' title='bbox 862 2726 935 2784; x_wconf 90' lang='lat' dir='ltr'><strong>fines</strong></span> <span class='ocrx_word' id='word_1_223' title='bbox 959 2725 1076 2784; x_wconf 89' lang='lat' dir='ltr'><strong>ardenti</strong></span> 
     </span>
    </p>
   </div>
   <div class='ocr_carea' id='block_1_4' title="bbox 134 2856 1155 3059">
    <p class='ocr_par' dir='ltr' id='par_1_4' title="bbox 134 2856 1155 3059">
     <span class='ocr_line' id='line_1_30' title="bbox 134 2856 461 2928; baseline 0.003 -16"><span class='ocrx_word' id='word_1_224' title='bbox 134 2863 168 2912; x_wconf 83' lang='lat'><strong>18</strong></span> <span class='ocrx_word' id='word_1_225' title='bbox 187 2859 221 2926; x_wconf 76' lang='lat' dir='ltr'><strong>es.</strong></span> <span class='ocrx_word' id='word_1_226' title='bbox 242 2856 319 2913; x_wconf 85' lang='lat' dir='ltr'><strong>Oros.</strong></span> <span class='ocrx_word' id='word_1_227' title='bbox 333 2858 373 2911; x_wconf 79' lang='lat'><strong>111</strong></span> <span class='ocrx_word' id='word_1_228' title='bbox 388 2863 461 2928; x_wconf 81' lang='lat'><strong>16,9</strong></span> 
     </span>
     <span class='ocr_line' id='line_1_31' title="bbox 135 2959 1155 3059; baseline 0.005 -22"><span class='ocrx_word' id='word_1_229' title='bbox 135 2984 244 3037; x_wconf 71' lang='lat' dir='ltr'><strong>renim</strong></span> <span class='ocrx_word' id='word_1_230' title='bbox 257 2983 313 3038; x_wconf 82' lang='lat' dir='ltr'><strong>ss</strong></span> <span class='ocrx_word' id='word_1_231' title='bbox 353 2959 509 3039; x_wconf 56' lang='lat' dir='ltr'><strong>reducas</strong></span> <span class='ocrx_word' id='word_1_232' title='bbox 561 2985 739 3059; x_wconf 54' lang='lat' dir='ltr'><strong>ragipnaa</strong></span> <span class='ocrx_word' id='word_1_233' title='bbox 753 2987 809 3042; x_wconf 79' lang='lat' dir='ltr'><strong>ris</strong></span> <span class='ocrx_word' id='word_1_234' title='bbox 860 2985 1076 3042; x_wconf 68' lang='lat' dir='ltr'><strong>reomense</strong></span> <span class='ocrx_word' id='word_1_235' title='bbox 1152 3028 1155 3034; x_wconf 95' lang='lat'>.</span> 
     </span>
    </p>
   </div>
   <div class='ocr_carea' id='block_1_5' title="bbox 59 3054 1080 3606">
    <p class='ocr_par' dir='ltr' id='par_1_5' title="bbox 59 3054 1076 3332">
     <span class='ocr_line' id='line_1_32' title="bbox 60 3054 1076 3178; baseline 0.001 -16"><span class='ocrx_word' id='word_1_236' title='bbox 60 3054 593 3178; x_wconf 58' lang='lat' dir='ltr'><strong>scydcadoddm.ree)1&gt;seitieas</strong></span> <span class='ocrx_word' id='word_1_237' title='bbox 640 3111 767 3166; x_wconf 73' lang='lat' dir='ltr'><strong>beesaS</strong></span> <span class='ocrx_word' id='word_1_238' title='bbox 782 3112 843 3165; x_wconf 87' lang='lat' dir='ltr'><strong>tera</strong></span> <span class='ocrx_word' id='word_1_239' title='bbox 852 3111 907 3166; x_wconf 85' lang='lat' dir='ltr'><strong>PR</strong></span> <span class='ocrx_word' id='word_1_240' title='bbox 953 3109 1076 3178; x_wconf 82' lang='lat' dir='ltr'><strong>6Baby-</strong></span> 
     </span>
     <span class='ocr_line' id='line_1_33' title="bbox 59 3177 1075 3252; baseline -0.001 -17"><span class='ocrx_word' id='word_1_241' title='bbox 59 3179 139 3235; x_wconf 83' lang='lat' dir='ltr'><strong>lonis</strong></span> <span class='ocrx_word' id='word_1_242' title='bbox 152 3181 181 3236; x_wconf 86' lang='lat' dir='ltr'><em>R</em></span> <span class='ocrx_word' id='word_1_243' title='bbox 224 3183 241 3232; x_wconf 88' lang='lat'>8</span> <span class='ocrx_word' id='word_1_244' title='bbox 259 3177 440 3233; x_wconf 88' lang='lat' dir='ltr'><strong>morientium</strong></span> <span class='ocrx_word' id='word_1_245' title='bbox 457 3177 488 3231; x_wconf 90' lang='lat' dir='ltr'><strong>in</strong></span> <span class='ocrx_word' id='word_1_246' title='bbox 506 3177 651 3235; x_wconf 89' lang='lat' dir='ltr'><strong>innumero</strong></span> <span class='ocrx_word' id='word_1_247' title='bbox 667 3180 689 3235; x_wconf 82' lang='lat' dir='ltr'><strong><em>S</em></strong></span> <span class='ocrx_word' id='word_1_248' title='bbox 730 3187 745 3235; x_wconf 87' lang='grc'>9</span> <span class='ocrx_word' id='word_1_249' title='bbox 765 3181 909 3252; x_wconf 87' lang='lat' dir='ltr'><strong>sparciaoo</strong></span> <span class='ocrx_word' id='word_1_250' title='bbox 924 3182 978 3238; x_wconf 69' lang='grc' dir='ltr'><strong>ΡΒ</strong></span> <span class='ocrx_word' id='word_1_251' title='bbox 998 3197 1075 3251; x_wconf 84' lang='lat' dir='ltr'><strong>epar·-</strong></span> 
     </span>
     <span class='ocr_line' id='line_1_34' title="bbox 59 3249 1044 3332; baseline 0.001 -26"><span class='ocrx_word' id='word_1_252' title='bbox 59 3250 137 3306; x_wconf 82' lang='lat' dir='ltr'><strong>tiaeo</strong></span> <span class='ocrx_word' id='word_1_253' title='bbox 151 3252 180 3306; x_wconf 85' lang='lat' dir='ltr'><em>R</em></span> <span class='ocrx_word' id='word_1_254' title='bbox 206 3249 338 3304; x_wconf 86' lang='lat' dir='ltr'><strong>Partiaeo</strong></span> <span class='ocrx_word' id='word_1_255' title='bbox 352 3251 397 3305; x_wconf 82' lang='lat' dir='ltr'><strong>He</strong></span> <span class='ocrx_word' id='word_1_256' title='bbox 410 3252 604 3332; x_wconf 73' lang='lat' dir='ltr'><strong>efip.169,23</strong></span> <span class='ocrx_word' id='word_1_257' title='bbox 672 3257 704 3305; x_wconf 94' lang='lat'><strong>11</strong></span> <span class='ocrx_word' id='word_1_258' title='bbox 724 3252 861 3322; x_wconf 84' lang='lat' dir='ltr'><strong>regnandi</strong></span> <span class='ocrx_word' id='word_1_259' title='bbox 879 3255 912 3307; x_wconf 75' lang='lat' dir='ltr'><strong>in</strong></span> <span class='ocrx_word' id='word_1_260' title='bbox 928 3252 1044 3323; x_wconf 72' lang='lat' dir='ltr'><strong>marcS</strong></span> 
     </span>
    </p>

    <p class='ocr_par' dir='ltr' id='par_1_6' title="bbox 59 3321 1080 3606">
     <span class='ocr_line' id='line_1_35' title="bbox 61 3321 1075 3393; baseline -0.002 -16"><span class='ocrx_word' id='word_1_261' title='bbox 61 3328 97 3377; x_wconf 83' lang='lat'><strong>14</strong></span> <span class='ocrx_word' id='word_1_262' title='bbox 111 3339 144 3377; x_wconf 89' lang='lat' dir='ltr'><strong>ex</strong></span> <span class='ocrx_word' id='word_1_263' title='bbox 158 3321 301 3392; x_wconf 87' lang='lat' dir='ltr'><strong>insperato</strong></span> <span class='ocrx_word' id='word_1_264' title='bbox 315 3321 382 3390; x_wconf 81' lang='lat' dir='ltr'><strong>Sef.</strong></span> <span class='ocrx_word' id='word_1_265' title='bbox 394 3325 457 3390; x_wconf 83' lang='lat'><strong>155,</strong></span> <span class='ocrx_word' id='word_1_266' title='bbox 466 3324 502 3376; x_wconf 83' lang='lat'><strong>21</strong></span> <span class='ocrx_word' id='word_1_267' title='bbox 548 3323 760 3392; x_wconf 80' lang='lat' dir='ltr'><strong>impugnando?</strong></span> <span class='ocrx_word' id='word_1_268' title='bbox 773 3324 802 3376; x_wconf 93' lang='lat' dir='ltr'><strong>in</strong></span> <span class='ocrx_word' id='word_1_269' title='bbox 817 3323 945 3393; x_wconf 80' lang='lat' dir='ltr'><strong>praelio?</strong></span> <span class='ocrx_word' id='word_1_270' title='bbox 958 3323 1075 3390; x_wconf 80' lang='lat' dir='ltr'><strong>Reiffer-</strong></span> 
     </span>
     <span class='ocr_line' id='line_1_36' title="bbox 59 3392 1076 3474; baseline -0.004 -25"><span class='ocrx_word' id='word_1_271' title='bbox 59 3395 152 3450; x_wconf 76' lang='lat' dir='ltr'><strong>scheid</strong></span> <span class='ocrx_word' id='word_1_272' title='bbox 196 3393 227 3446; x_wconf 92' lang='lat' dir='ltr'><strong>in</strong></span> <span class='ocrx_word' id='word_1_273' title='bbox 240 3409 328 3463; x_wconf 90' lang='lat' dir='ltr'><strong>paruo</strong></span> <span class='ocrx_word' id='word_1_274' title='bbox 341 3410 377 3448; x_wconf 83' lang='lat' dir='ltr'><strong>se.</strong></span> <span class='ocrx_word' id='word_1_275' title='bbox 391 3394 519 3462; x_wconf 81' lang='lat' dir='ltr'><strong>temporis</strong></span> <span class='ocrx_word' id='word_1_276' title='bbox 566 3411 604 3448; x_wconf 81' lang='lat' dir='ltr'><strong>ce</strong></span> <span class='ocrx_word' id='word_1_277' title='bbox 617 3409 732 3448; x_wconf 87' lang='lat' dir='ltr'><strong>numero</strong></span> <span class='ocrx_word' id='word_1_278' title='bbox 745 3395 855 3474; x_wconf 78' lang='lat' dir='ltr'><strong>paruo?</strong></span> <span class='ocrx_word' id='word_1_279' title='bbox 869 3395 914 3449; x_wconf 87' lang='lat' dir='ltr'><strong>He</strong></span> <span class='ocrx_word' id='word_1_280' title='bbox 968 3398 1002 3446; x_wconf 77' lang='lat'><strong>20</strong></span> <span class='ocrx_word' id='word_1_281' title='bbox 1016 3392 1076 3446; x_wconf 90' lang='lat' dir='ltr'><strong>uie-</strong></span> 
     </span>
     <span class='ocr_line' id='line_1_37' title="bbox 59 3462 1075 3532; baseline -0.001 -13"><span class='ocrx_word' id='word_1_282' title='bbox 59 3465 163 3520; x_wconf 87' lang='lat' dir='ltr'><strong>trieum</strong></span> <span class='ocrx_word' id='word_1_283' title='bbox 173 3465 226 3519; x_wconf 83' lang='lat' dir='ltr'><strong>PR</strong></span> <span class='ocrx_word' id='word_1_284' title='bbox 294 3469 326 3517; x_wconf 81' lang='lat'><strong>21</strong></span> <span class='ocrx_word' id='word_1_285' title='bbox 342 3462 554 3519; x_wconf 83' lang='lat' dir='ltr'><strong>libidinantisS</strong></span> <span class='ocrx_word' id='word_1_286' title='bbox 619 3470 653 3518; x_wconf 78' lang='lat'><strong>25</strong></span> <span class='ocrx_word' id='word_1_287' title='bbox 668 3467 855 3521; x_wconf 84' lang='lat' dir='ltr'><strong>satuntateR</strong></span> <span class='ocrx_word' id='word_1_288' title='bbox 914 3468 946 3520; x_wconf 91' lang='lat' dir='ltr'><strong>ut</strong></span> <span class='ocrx_word' id='word_1_289' title='bbox 959 3465 1075 3532; x_wconf 80' lang='lat' dir='ltr'><strong>Reiffer-</strong></span> 
     </span>
     <span class='ocr_line' id='line_1_38' title="bbox 59 3534 1080 3606; baseline -0.008 -13"><span class='ocrx_word' id='word_1_290' title='bbox 59 3537 151 3593; x_wconf 79' lang='lat' dir='ltr'><strong>scheid</strong></span> <span class='ocrx_word' id='word_1_291' title='bbox 211 3541 245 3589; x_wconf 78' lang='lat'><strong>26</strong></span> <span class='ocrx_word' id='word_1_292' title='bbox 265 3534 401 3590; x_wconf 69' lang='lat' dir='ltr'><strong>satiaris</strong></span> <span class='ocrx_word' id='word_1_293' title='bbox 462 3540 495 3588; x_wconf 81' lang='lat'><strong>28</strong></span> <span class='ocrx_word' id='word_1_294' title='bbox 515 3535 621 3590; x_wconf 87' lang='lat' dir='ltr'><strong>saeculi</strong></span> <span class='ocrx_word' id='word_1_295' title='bbox 635 3536 663 3591; x_wconf 82' lang='lat' dir='ltr'><em>R</em></span> <span class='ocrx_word' id='word_1_296' title='bbox 682 3535 804 3600; x_wconf 77' lang='lat' dir='ltr'><strong>saeculis</strong></span> <span class='ocrx_word' id='word_1_297' title='bbox 820 3539 847 3606; x_wconf 65' lang='lat' dir='ltr'><strong>&lt;s</strong></span> <span class='ocrx_word' id='word_1_298' title='bbox 861 3535 1080 3598; x_wconf 57' lang='lat' dir='ltr'><strong>&lt;ieiunasse</strong></span> 
     </span>
    </p>
   </div>
   <div class='ocr_carea' id='block_1_6' title="bbox 0 0 1208 3856">
    <p class='ocr_par' dir='ltr' id='par_1_7' title="bbox 0 0 1208 3856">
     <span class='ocr_line' id='line_1_39' title="bbox 0 0 1208 3856; baseline 0 0"><span class='ocrx_word' id='word_1_299' title='bbox 0 0 1208 3856; x_wconf 95' lang='lat' dir='ltr'><strong> </strong></span> 
     </span>
    </p>
   </div>
  </div>
 </body>
</html>
