2408 3856
467 163 672 226 PRAEFATIO
1037 170 1076 223 IX

63 321 198 380 studium
216 320 403 398 cognoscitur
420 341 448 396 p.
469 323 520 396 69,
536 323 586 395 23,
610 339 668 396 quo
691 320 756 378 loco
781 320 892 379 scribae
913 340 966 396 pro
985 321 1075 380 uerbo

63 403 227 484 ‘ardescit’,
259 409 330 484 quia
360 409 551 469 transitiuam
582 409 790 468 desiderabant
822 409 1077 486 significationem,

63 493 223 558 ‘accendit’
240 497 463 556 substituerunt.
488 499 593 574 Neque
608 499 696 556 aliter
708 517 772 557 rem
784 497 816 555 in
826 497 994 575 Uirgiliana
1009 517 1076 557 con-

63 586 194 646 tinentia
213 605 243 646 se
260 587 369 645 habere
388 587 461 646 satis
480 607 514 645 ex
528 608 557 663 p.
573 589 624 663 87,
637 589 676 645 21
698 589 835 662 apparet3
853 586 1078 663 inscriptionem

65 677 148 734 enim
162 675 308 752 epistulae
328 694 403 752 quae
418 680 463 734 est
477 669 608 734 ‘domino
622 671 739 734 merito’
756 667 807 756 (cf.
821 675 951 733 Luciferi
965 695 1010 751 ep.
1020 668 1078 757 VI)

65 785 135 824 cum
162 783 221 822 non
252 764 418 840 nouissent,
451 768 504 823 aut
532 760 661 823 ‘domino
693 758 844 822 meritum'
872 766 925 822 aut
956 758 1080 822 ‘domini

63 847 217 912 meritum'
237 853 405 912 coniectura
424 853 595 927 effecerunt3
616 853 707 911 iidem
725 874 754 929 p.
775 855 826 928 94,
841 855 883 911 24
902 872 969 911 oum
987 853 1079 911 uerba

66 960 145 1018 quae
171 941 399 1000 inueniebantur
421 937 469 999 ‘de
492 943 578 1001 corde
605 937 734 1018 puerili,
762 942 833 1017 quia
860 941 1080 1000 substantiuum

64 1030 269 1106 interciderat,
286 1050 346 1089 non
363 1030 588 1104 intellexissent,
610 1031 708 1089 locum
730 1031 774 1089 ita
792 1033 1023 1106 temptauerunt,
1045 1033 1081 1088 ut

66 1113 180 1178 ‘decus'
200 1119 248 1177 uel
267 1113 414 1178 ‘dedecus’
435 1119 484 1177 uel
502 1114 611 1178 ‘decor'
631 1119 791 1178 diuinando
811 1119 968 1178 efficerent.
1002 1119 1081 1177 Huic

61 1208 163 1286 igitur
181 1207 314 1266 codicum
332 1207 434 1286 generi
451 1228 511 1267 non
529 1207 621 1265 nimia
639 1207 712 1267 fides
729 1207 865 1266 habenda
884 1212 930 1267 est
947 1209 979 1265 in
996 1211 1080 1266 textu

67 1296 283 1373 constituendo,
300 1300 335 1355 ut
354 1297 471 1355 etiamsi
489 1297 643 1355 meliorem
655 1296 813 1354 uideantur
827 1296 962 1355 exhibere
978 1297 1080 1355 lectio-

65 1405 137 1445 nem
164 1389 196 1443 et
222 1404 312 1460 quam
338 1385 456 1444 facilius
483 1385 641 1463 intellegas
663 1388 765 1444 tamen
787 1385 845 1444 nisi
868 1385 1006 1444 dubitans
1031 1403 1081 1443 eos

65 1493 127 1533 non
152 1474 258 1533 debeas
282 1474 378 1550 seqni3
407 1493 498 1550 quare
520 1494 549 1549 p.
570 1476 677 1549 93,14
700 1473 794 1532 malui
817 1469 869 1533 ‘et'
892 1474 1081 1550 interponere

67 1581 160 1639 quam
184 1557 406 1638 ‘blandiloquis'
430 1563 556 1639 probare
580 1567 610 1622 et
629 1584 658 1639 p.
680 1566 763 1637 17,7
788 1557 962 1639 ‘discipulis’
986 1563 1080 1621 intac-

64 1656 133 1711 tum
165 1651 332 1727 relinquere
365 1670 454 1727 quam
487 1652 566 1727 quod
598 1652 678 1711 solus
710 1651 829 1710 exhibet
854 1651 1029 1730 Reginensis
1050 1652 1084 1710 Ε

67 1736 258 1816 ‘disciplinis'
272 1741 415 1816 recipere3
431 1759 612 1816 quamquam
625 1760 685 1800 non
699 1759 815 1816 semper
827 1742 934 1799 horum
948 1741 1082 1799 codicum

69 1829 160 1888 lectio
173 1828 359 1906 repudianda
371 1828 490 1887 uidetur
504 1848 575 1906 esse,
589 1832 623 1887 ut
636 1849 664 1905 p.
677 1831 767 1904 13,4;
784 1832 873 1905 77,7;
890 1832 979 1908 91,1;
995 1831 1081 1906 98,6,

68 1918 132 1978 siue
151 1937 255 1976 uerum
273 1936 343 1976 casu
362 1921 513 1976 seruatum
531 1923 576 1977 est
595 1918 657 1977 siue
676 1918 844 1977 coniectura
862 1921 1081 1994 recuperatum3

68 2007 149 2084 quod
168 2007 259 2065 etiam
281 2007 314 2064 in
333 2005 469 2066 Gudiano
490 2005 518 2066 G
536 2027 564 2082 p.
586 2009 713 2082 102,11
733 2007 798 2065 fieri
815 2008 923 2084 potuit,
945 2006 997 2065 ubi
1015 2027 1082 2064 eum

69 2096 254 2171 sequendum
282 2113 344 2154 esse
368 2095 512 2154 duximus
557 2096 603 2154 Ex
627 2096 682 2154 hoe
706 2097 840 2155 codicum
862 2116 968 2174 genere
991 2095 1082 2154 libros

69 2184 249 2244 recentiores
279 2203 380 2243 omnes
407 2184 469 2242 fere
495 2184 613 2243 fluxisse
641 2183 714 2243 satis
742 2203 779 2243 ec
803 2204 836 2242 re
863 2186 1083 2244 demonstratur

70 2273 152 2350 qnod
174 2272 287 2332 scholia
309 2273 341 2331 in
363 2273 416 2331 illo
436 2272 586 2348 adscripta
604 2273 636 2330 in
653 2273 699 2331 bis
718 2273 843 2332 noniciis
860 2274 934 2350 ipsis
953 2272 1082 2332 auctoris

67 2361 168 2421 uerbis
196 2361 309 2420 inserta
335 2360 530 2420 inueniuntur
556 2366 590 2420 nt
618 2355 847 2419 ‘difficultatem’
870 2382 899 2437 p.
920 2362 1017 2437 8,14,
1045 2380 1082 2419 11

68 2445 215 2528 ‘propter’
226 2453 262 2508 ut
275 2446 360 2509 ἕνεκα
374 2454 404 2508 11
413 2445 525 2509 ‘causa’
537 2469 604 2509 cum
617 2449 743 2510 secundo
759 2469 829 2509 casu
843 2451 1082 2527 coniungeretur3

67 2561 95 2616 p.
119 2541 205 2615 16,9
231 2532 356 2597 ‘curata'
386 2539 561 2616 Reginensis
584 2540 617 2598 E
637 2557 704 2597 eum
731 2538 924 2598 deterioribus
953 2539 1082 2613 exhibot3

67 2650 96 2705 p.
108 2631 163 2702 30,
175 2629 226 2702 16,
240 2627 292 2685 ubi
304 2627 336 2685 in
350 2628 444 2686 altero
457 2627 601 2687 librorum
615 2647 721 2706 genere
730 2628 904 2706 Fulgentius
919 2647 954 2687 11
962 2627 1082 2687 Lucano

69 2717 245 2778 emendatus
278 2719 336 2791 est,
372 2716 530 2775 deteriores
563 2721 616 2775 111
648 2736 714 2775 cum
747 2736 780 2776 eo
813 2717 1012 2791 consentiunt,
1048 2718 1083 2773 ut

68 2799 199 2864 ‘haeret'
221 2804 393 2880 praebeant,
416 2809 469 2863 aut
492 2806 562 2880 quia
581 2806 705 2864 celerem
727 2807 848 2864 haerere
871 2805 1000 2863 librariis
1018 2804 1083 2862 ueri

69 2914 134 2955 esse
148 2893 291 2953 dissimile
304 2894 471 2970 uidebatur,
488 2914 592 2952 uerum
607 2914 641 2952 ex
651 2895 708 2952 illa
724 2894 850 2953 lectione
865 2894 968 2953 elicere
983 2893 1082 2952 conati

69 2987 148 3058 sunt,
168 3001 235 3041 cum
252 2982 463 3042 Riceardianus
483 2977 595 3058 ε11111,
617 2983 765 3042 Mediceus
784 2977 891 3041 ‘ardet'
913 2983 1082 3043 scriberent.

136 3126 183 3185 Ex
205 3124 327 3183 meliore
349 3124 493 3184 librorum
515 3144 622 3202 genere
644 3125 676 3183 in
700 3125 806 3201 quibus
833 3125 1081 3203 mythologice
1097 3146 1115 3180 u

69 3215 213 3293 leguntur
235 3214 322 3292 longe
346 3206 484 3296 optim11)
508 3213 648 3273 Uaticani
673 3219 742 3273 sunt
764 3214 919 3274 Palatinus
945 3216 1029 3274 1578
1054 3218 1084 3272 11
1097 3215 1125 3268 P

69 3301 247 3380 Reginensis
272 3305 366 3379 1462,
390 3322 515 3378 quorum
538 3302 728 3378 archetypus,
752 3323 819 3362 oum
841 3304 892 3361 ille
914 3322 1006 3378 nono,
1033 3303 1081 3361 hic
1095 3303 1123 3358 R

143 3456 170 3525 1)
189 3453 224 3508 cf.
238 3453 406 3524 Iungmanni
421 3453 584 3523 diligentem
604 3453 829 3524 descriptionem,
848 3471 935 3522 quam>
952 3455 986 3508 de
1005 3453 1080 3507 codi-

73 3525 151 3580 cibus
170 3523 364 3594 Fulgentianis
382 3524 450 3579 fecit
467 3525 497 3578 in
516 3524 587 3578 actis
607 3541 662 3580 soc.
680 3525 751 3596 phil.
767 3523 919 3596 Lipslp.
930 3530 970 3575 bx
981 3541 1050 3588 suo„
