2408 3856
462 164 667 220 PRAEFATIO
1043 163 1069 217 V

59 317 203 376 Amorem
225 309 308 374 <Ioue
326 311 457 391 petente'
475 316 610 391 Psychen
629 317 660 374 in
677 314 900 374 matrimonium
918 313 1036 373 duxisse
1043 305 1069 394 1)

61 404 211 464 scriberet.
246 405 346 480 Atque
365 423 441 481 quae
463 405 536 480 ipsis
559 408 713 463 auctorum
730 404 829 463 uerbis
852 405 946 476 affert,
968 404 1070 461 tamen

61 494 124 552 alio
143 512 232 553 sensu
249 494 399 571 intellegit
420 495 505 552 uelut
523 494 734 553 Terentianum
755 493 831 551 illud
853 512 881 568 p.
903 495 953 566 10,
967 494 997 566 4,
1019 490 1072 550 ubi

59 601 124 642 non
141 586 300 658 quaestum
319 602 407 658 quem
424 583 476 640 ille
494 583 600 658 uoluit,
618 583 669 642 sed
687 586 825 658 questum
838 582 867 639 h.
882 600 906 639 e.
920 581 1072 657 querelam

65 671 219 748 cogitauit.
262 671 367 747 Neque
391 671 470 730 dictu
494 690 570 747 quae
592 672 716 729 uerbum
739 691 773 729 ex
796 671 886 728 uerbo
910 668 1071 744 exprimere

62 761 183 819 uidetur
209 759 282 835 ipsis
310 780 344 817 ex
373 760 565 836 scriptoribus
593 760 726 837 collegit,
754 759 806 818 sed
831 777 907 834 quae
929 756 1072 816 memoria

62 850 93 908 ei
120 853 173 907 aut
196 849 351 907 schedulae
379 849 658 926 neglegenter-aliis
684 848 865 908 dictantibus
888 846 1072 922 conscriptio

63 937 297 1014 suppeditabant
318 941 428 996 temere
452 937 625 1013 composuit,
647 941 684 996 ut
705 937 882 1013 praesertim
901 935 934 993 in
953 933 1072 994 Graecis

63 1046 101 1084 ne
124 1044 261 1084 numeros
285 1025 406 1102 quidem
428 1031 569 1101 seruaret,
595 1026 645 1086 sed
667 1028 834 1103 pedestrem
856 1025 986 1084 efficeret
1008 1042 1072 1083 ora·

63 1115 178 1174 tionem
203 1112 253 1192 (cf.
271 1135 299 1190 p.
320 1117 438 1190 59,12;
463 1117 513 1190 60,
525 1111 568 1192 2).
614 1115 725 1184 Quibus
748 1116 784 1173 de
807 1115 904 1174 causis
927 1133 996 1172 eum
1020 1131 1072 1171 no·

63 1203 190 1278 minum,
212 1204 283 1279 quia
306 1203 451 1262 audiendo
474 1222 534 1261 non
556 1206 640 1262 recte
658 1206 830 1280 perceperat
848 1206 901 1261 aut
919 1201 1071 1260 scribendo

64 1311 137 1350 casu
152 1295 330 1364 mutauerat,
347 1311 441 1351 nouas
459 1292 570 1351 formas
583 1292 710 1367 finxisse,
728 1296 762 1351 ut
777 1284 969 1364 ‘Solicrates’,
987 1283 1073 1347 ‘Dro-

63 1376 224 1455 mocrites’,
246 1381 329 1440 libris
351 1381 438 1439 fidem
460 1381 555 1440 habeo
578 1401 673 1458 neque
696 1381 798 1440 dubito
822 1379 895 1456 quin
915 1373 1073 1437 ‘Blennon'

64 1488 120 1547 pro
135 1464 302 1544 ‘Biennon',
317 1465 519 1528 ‘ientaculum’
530 1489 584 1546 pro
595 1461 829 1545 ‘ientaculum'²)
847 1468 972 1528 scribere
986 1471 1073 1543 potu·

65 1559 131 1616 erit.
153 1558 290 1634 Apparet
303 1563 403 1617 autem
413 1559 621 1617 difficillimum
635 1578 698 1618 esse
708 1558 870 1617 diiudicare
881 1575 956 1633 quae
967 1555 1075 1615 menda

65 1647 232 1722 scriptoris,
265 1666 341 1722 quae
373 1647 535 1706 scribarum
567 1647 640 1723 sint,
671 1648 730 1706 nisi
762 1667 797 1705 ex
824 1647 911 1705 certis
941 1645 1074 1704 codicum

64 1736 140 1795 locis
167 1735 225 1794 tibi
250 1736 433 1811 persuaseris
461 1735 560 1796 omnia
592 1736 652 1794 fere
679 1737 775 1812 illius,
805 1734 984 1810 paucissima
1011 1751 1074 1803 esse

63 1825 185 1898 homm3
209 1843 302 1901 quare
321 1843 445 1884 causus
466 1844 531 1884 sum
549 1825 674 1900 ratione,
696 1828 731 1884 ut
748 1843 824 1901 quae
843 1822 979 1900 quamuis
997 1823 1075 1880 falsa

66 1913 221 1989 explanari
247 1932 333 1989 posse
360 1913 505 1990 putabam
528 1913 676 1973 erroribus
698 1912 858 1972 memoriae
882 1912 931 1970 uel
958 1911 1076 1970 aurium

65 2005 123 2060 aut
149 2020 245 2077 praua
271 2002 498 2062 ratiocinatione
527 2020 545 2060 a
571 2003 729 2080 Fulgentio
761 2001 826 2078 ipso
859 2001 983 2061 oriunda
1013 2017 1075 2059 esse

66 2109 226 2150 censerem.
263 2086 486 2166 ‘Opimandrae'
503 2091 597 2169 igitur
615 2091 720 2168 scripsi
737 2112 765 2167 p.
782 2092 885 2166 26,18
903 2093 988 2148 ratus
1007 2108 1075 2146 eum

65 2200 102 2238 ex
117 2171 149 2239 ‘0
167 2179 351 2259 ποιμάνδρης
367 2180 446 2255 quod
464 2183 622 2239 notauerat
640 2200 733 2239 unum
751 2179 929 2239 uocabulum
945 2178 1074 2236 effecisse

65 2273 97 2328 et
126 2262 289 2343 ‘Pollmis⁷‚
316 2269 387 2344 quia
413 2289 450 2326 ne
478 2268 514 2326 de
541 2268 661 2327 Polluce
690 2268 809 2345 quidem
838 2266 959 2326 Saturni
989 2269 1075 2340 patre

64 2357 228 2434 quicquam
242 2361 367 2432 constat,
385 2358 500 2416 telluris
515 2360 615 2416 autem
630 2358 796 2432 exemplum
810 2357 908 2414 animo
924 2353 1075 2429 scriptoris

65 2439 221 2505 obuersari
243 2449 369 2521 poterat.

134 2535 238 2610 Neque
274 2535 372 2593 minus
408 2534 523 2593 lubrica
558 2535 608 2593 uia
642 2533 829 2610 quaestiones
866 2530 1075 2610 grammaticas

65 2623 266 2702 aggredimur,
294 2623 378 2699 quia,
404 2641 585 2699 quamquam
609 2625 706 2686 multa
729 2624 862 2698 exempla
884 2619 1077 2698 Fulgentium

66 2730 233 2772 sermonem
251 2713 406 2789 uulgarem
425 2715 455 2770 et
472 2713 586 2771 mendis
605 2731 758 2788 aspersum
776 2730 836 2770 non
853 2710 964 2770 uitasse
978 2711 1075 2767 osten-

65 2800 152 2876 dunt,
173 2803 275 2859 tamen
297 2820 356 2858 non
379 2800 515 2859 omnibus
538 2800 619 2875 locis,
641 2799 816 2877 praesertim
835 2798 943 2876 quibus
962 2796 1076 2856 codices

63 2889 146 2948 inter
170 2908 200 2948 se
219 2889 404 2964 dissentiant,
426 2894 526 2949 utram
543 2889 700 2949 lectionem
717 2889 781 2965 ipse
802 2887 931 2946 uoluerit
949 2885 1076 2945 discerni

64 2981 176 3054 potest.
223 2977 281 3036 Sed
309 2979 355 3037 his
383 2997 502 3054 quoque
529 2978 561 3036 in
589 2977 812 3054 quaestionibus
840 2996 874 3034 ex
897 2975 984 3036 certis
1008 2993 1075 3034 con-

65 3067 187 3126 cludere
210 3067 281 3126 licet
303 3067 444 3143 exemplis
462 3087 529 3125 eum
547 3067 622 3125 nihil
640 3068 700 3125 fere
720 3066 799 3142 quod
816 3065 936 3144 uulgari
954 3064 1076 3141 dignum

141 3239 167 3306 1)
185 3234 326 3291 Foersteri
348 3236 423 3290 enim
446 3235 606 3290 coniectura
628 3253 684 3304 qua
709 3236 819 3360 ‘lppstea
841 3251 858 3288 a
877 3234 943 3288 Ioue
964 3233 1073 3315 petens’

65 3327 93 3378 p
109 3313 203 3377 8815
231 3306 381 3377 legendum
408 3306 554 3377 proposuit
575 3307 669 3360 Herm.
683 3306 722 3360 Xl
762 3311 814 3359 473
838 3322 871 3359 eo
898 3303 1076 3374 redarguitur

66 3378 143 3448 quod
161 3377 328 3448 Fulgentius
349 3379 464 3449 ‘’petere
486 3394 550 3430 cum
568 3379 668 3446 quarto
688 3394 754 3431 casu
749 3375 926 3501 coniquit.

64 3520 135 3576 im
139 3451 168 3575 p
166 3449 321 3576 5001an
343 3450 378 3504 de
401 3448 454 3503 hoc
477 3449 539 3503 loco
561 3448 755 3519 propediem
746 3465 776 3501 in
799 3447 863 3500 Phil
864 3462 946 3516 oogo
967 3443 1079 3513 publici
