2408 3856
354 534 513 602 ΟΤΤΟΝΙ
536 532 763 600 PLASBERG
787 534 818 602 S.

97 676 104 691 ’
146 666 291 736 Quoniam
313 666 508 725 iniucundum
531 665 612 742 quod
639 665 715 725 dixit
736 665 993 728 Reifferscheidius
1016 669 1087 730 Ful·

77 757 172 833 gentii
195 755 299 814 edendi
323 768 398 831 opus
420 754 598 833 perfecimus
621 757 651 813 et
673 755 705 813 in
722 755 819 814 lucem
836 755 898 814 iam
916 757 1086 833 proditurus

77 849 124 904 est
151 847 255 903 auctor
282 844 330 903 cui
352 863 406 919 per
427 847 474 903 tot
501 862 616 903 menses
638 844 687 901 uel
710 862 803 904 annos
826 862 972 904 summam
994 865 1085 906 naua-

76 933 177 993 uimus
196 951 325 1008 operam,
343 932 441 992 neseio
460 934 509 991 cui
527 933 628 1009 potius
646 933 752 992 horum
771 933 935 993 studiorum
953 935 1087 996 fructum

77 1022 184 1081 donem
206 1040 297 1098 quam
318 1021 384 1096 tibi,
406 1022 499 1080 amice
522 1022 681 1081 carissime.
719 1022 799 1081 Nam
822 1042 1004 1100 quamquam
1026 1043 1086 1084 non

77 1111 186 1169 desunt
215 1109 322 1187 quibus
350 1111 441 1169 etiam
469 1113 561 1186 atque
589 1110 680 1169 etiam
701 1113 822 1188 gratum
845 1113 978 1171 animum
1000 1131 1085 1189 prac-

78 1202 157 1259 stare
180 1198 280 1275 uelim,
301 1202 402 1258 tamen
419 1198 494 1258 uiris
512 1198 573 1258 illis
592 1199 726 1258 doctriua
744 1199 857 1275 pariter
875 1203 965 1276 atque
983 1205 1083 1260 aucto·

76 1287 167 1347 ritate
199 1288 421 1366 praestantibus
452 1289 508 1348 hoc
538 1291 634 1355 tenue,
656 1289 867 1347 munusculum
895 1290 997 1348 offerre
1025 1308 1085 1348 non

76 1376 179 1435 audeo.
223 1377 266 1435 nt
287 1380 333 1452 te,
356 1377 408 1453 qui
429 1376 503 1436 mihi
525 1376 661 1436 omnibus
682 1376 715 1435 in
738 1377 835 1436 causis
859 1377 922 1436 siue
945 1378 984 1436 ad
1006 1396 1085 1437 com·

75 1485 165 1524 mune
201 1464 370 1525 litterarum
405 1465 538 1525 studium
574 1466 638 1525 siue
674 1465 713 1525 ad
749 1464 823 1526 alias
855 1485 901 1525 res
933 1467 1085 1542 pertinent

77 1554 210 1614 amicitia
229 1554 343 1614 sincera
361 1558 392 1614 et
409 1555 554 1632 singulari
571 1557 690 1631 praesto
710 1572 773 1614 esse
791 1555 877 1630 soles,
898 1555 954 1615 hoc
972 1556 1084 1615 donum

76 1643 382 1720 quantulumcumque
401 1648 446 1702 est
464 1648 693 1719 aspernaturum
714 1662 774 1704 non
796 1662 859 1704 esse
881 1662 976 1721 spero,
998 1663 1083 1720 prae-

75 1732 177 1791 sertim
205 1751 273 1791 curn
299 1732 434 1791 omnibus
461 1732 492 1790 iu
515 1732 736 1808 quaestionibus
764 1735 795 1792 et
821 1732 1022 1810 grammaticis
1052 1736 1084 1792 et

73 1820 237 1896 historicis,
269 1820 376 1897 quibus
407 1819 456 1879 hic
487 1824 593 1880 auctor
618 1820 847 1881 iucundissimus
873 1821 948 1880 milii
975 1841 1010 1881 ex
1036 1822 1081 1880 in-

74 1909 203 1968 iucundo
230 1909 327 1969 factus
350 1912 407 1984 est,
429 1909 492 1985 ipse
516 1909 646 1970 studiose
669 1910 829 1970 comitatus
852 1930 899 1970 me
922 1910 1081 1970 coercendo

73 1997 240 2073 incitando,
270 1998 420 2057 laudando
450 1998 607 2057 refutando
640 1997 803 2076 adiuueris,
839 2001 873 2058 ut
904 1999 989 2058 nulla
1020 2000 1082 2059 fere

73 2087 186 2163 pagina
208 2090 260 2146 tuo
284 2086 415 2146 subsidio
438 2087 576 2147 caruerit.
620 2087 704 2146 Uale.

140 2351 268 2411 Fabium
285 2351 475 2411 Planciadcm
492 2351 684 2429 Fulgentium
701 2352 850 2412 hominem
866 2352 973 2410 Afrum
991 2351 1082 2412 fuisse

74 2441 169 2501 nobili
191 2441 256 2500 loco
280 2444 378 2500 ortum
399 2441 461 2500 iam
483 2460 536 2517 pro
560 2445 640 2501 certo
658 2441 765 2499 habere
783 2440 863 2516 licet,
885 2459 951 2498 cum
970 2442 1000 2499 ct
1017 2440 1081 2515 ipsc

73 2549 103 2590 se
116 2530 286 2590 &manum
301 2549 362 2589 csse
376 2532 465 2607 neget
479 2526 520 2607 (p.
531 2532 583 2605 86,
594 2526 648 2608 11)
670 2534 700 2588 et
716 2529 861 2588 librorum
879 2528 914 2587 de
933 2528 1081 2590 aetatibus

71 2618 178 2677 mundi
197 2621 227 2676 et
245 2619 380 2693 hominis,
403 2637 477 2695 quos
496 2619 569 2695 quin
586 2618 665 2677 idem
683 2610 862 2696 scripseritl)
882 2616 1012 2676 dubitari
1029 2617 1081 2676 uix

71 2711 182 2783 potest,
200 2709 306 2766 auctor
322 2707 456 2784 linguam
469 2707 612 2784 Libycam
630 2725 714 2766 suam
728 2725 790 2766 esse
804 2706 885 2765 dicat
898 2698 941 2786 (p.
953 2707 1025 2780 131,
1037 2698 1080 2786 7).

71 2795 177 2871 Neque
192 2796 288 2873 magis
302 2797 456 2856 haeremus
469 2796 661 2873 inquirentes,
679 2813 808 2871 quanam
822 2797 921 2854 aetate
938 2792 1080 2869 floruerit,

72 2883 216 2959 quoniam
234 2884 334 2943 omnia
352 2887 527 2963 argumenta
546 2905 613 2944 eum
631 2885 748 2944 saeculo
762 2883 791 2940 V
809 2885 941 2958 exeunte,
958 2882 1079 2941 ineunte

71 2976 154 3031 sexto
184 2972 293 3032 uixisse
319 2974 467 3033 euincunt.
511 2974 640 3032 Nomina
663 2975 764 3031 autem
787 2969 905 3031 Claudii
928 2971 1079 3046 Gordiani,

72 3079 149 3137 quac
172 3061 288 3121 auctori
311 3061 380 3121 libri
403 3062 439 3122 de
462 3066 577 3122 actm.
597 3062 648 3138 qui
670 3060 843 3121 inscribitur
865 3061 1078 3135 attribuuntur,

71 3169 138 3208 cum
160 3150 223 3208 iarn
245 3150 400 3209 Planciadi
427 3155 506 3210 recte
529 3150 656 3209 adscribi
678 3150 846 3226 uideantur,
872 3148 1006 3226 quaestio
1030 3168 1077 3207 ex·

71 3239 176 3314 oritur,
195 3239 275 3315 quod
293 3240 373 3299 inter
391 3259 459 3298 eum
478 3244 508 3298 ct
526 3240 696 3317 episcopum
713 3240 898 3315 Ruspcnsem
914 3236 1078 3298 intercedat

142 3433 168 3497 1)
188 3426 223 3482 cf.
241 3425 379 3496 Philolog.
394 3426 455 3481 LVI
469 3431 521 3482 253
532 3444 590 3496 sqq.
915 3512 935 3544 'b

896 3528 919 3565 a
