2408 3856
494 162 633 217 LIBERI
1053 164 1071 228 γ

13 253 159 377 lltlauium
183 313 330 389 quaedam
352 313 533 389 uernulitas,
558 332 635 390 quae
661 308 664 391 l
689 313 791 392 fragili
820 314 951 391 quedam
973 255 1116 374 dulce-St·

53 401 122 461 dine
137 401 301 478 crispantes
320 402 422 462 sibilos
442 402 556 462 corneis
574 402 668 461 edunt
686 404 847 481 organulis,
867 404 978 464 adhoc
998 423 1073 480 opus

55 491 200 550 allexerat
227 494 258 550 et
283 491 394 551 laboris
426 494 491 550 tam
523 492 622 551 subita
653 492 772 568 requies
801 493 894 552 melos
923 494 1074 568 quoddam

57 579 194 640 carminis
218 580 409 656 expectabat:
427 575 437 659 ll

313 669 502 746 Thespiadae,
525 670 713 746 Hippocrene
1072 684 1128 736 605

314 777 387 834 quas
410 759 563 835 spumanti
586 759 704 836 gurgite
1087 782 1100 821 e

314 847 429 906 inrorat
451 848 585 924 loquacis
608 847 702 906 nimbi

312 936 422 995 tinctas
444 937 556 995 haustu
578 937 701 1012 Musico,

313 1025 389 1084 ferte
413 1024 540 1102 gradum
562 1029 756 1102 properantes

314 1115 349 1172 de
372 1114 493 1173 uirectis
517 1114 646 1189 collium,

314 1202 366 1260 ubi
389 1206 493 1280 guttas
515 1204 692 1262 florulentae

315 1310 402 1349 mane
425 1295 508 1351 rorat
531 1310 681 1368 purpurae

314 1399 399 1439 umor
422 1381 533 1457 algens,
558 1399 647 1456 quem
670 1381 780 1439 serenis

313 1471 394 1527 astra
417 1470 527 1528 sudant
548 1469 694 1529 noctibus.

312 1557 479 1616 Uerborum
502 1559 632 1617 canistra
654 1558 750 1634 plenis
771 1554 775 1638 l

314 1649 443 1706 reserate
466 1646 604 1706 flosculis.
623 1640 634 1724 ll

314 1734 464 1812 Quicquid
486 1755 540 1811 per
562 1736 677 1794 uirecta
701 1736 812 1812 Tempe

313 1828 417 1900 raptat
439 1825 520 1884 unda
543 1825 683 1900 proluens

313 1913 455 1973 innientis
479 1917 541 1973 etre
565 1932 654 1973 cursu

315 2021 406 2078 quam
429 2002 570 2078 produxit
592 2003 716 2080 ungula,

315 2091 459 2166 quicquid
481 2092 610 2151 Ascreus
634 2095 758 2151 ueterna

313 2199 386 2255 rupe
409 2183 512 2256 pastor
535 2180 650 2256 cecinit,

316 2268 460 2345 quicquid
484 2271 637 2328 exantlata
660 2269 740 2346 gazis

313 2361 415 2418 uestra
438 2361 580 2434 promunt
602 2359 716 2434 horrea,

314 2447 395 2522 quod
417 2447 525 2506 cecinit
546 2448 692 2524 pastorali

313 2536 396 2595 Maro
420 2536 499 2595 silue
521 2537 671 2612 Mantuae,

315 2625 397 2700 quod
418 2625 553 2685 Mecnius
576 2645 719 2684 ranarum
739 2622 742 2706 l

127 2836 142 2884 1
162 2828 310 2884 nemilites
325 2829 477 2886 Salmasius
536 2837 551 2884 3
572 2831 695 2885 elexerat
710 2832 736 2886 Τ
807 2837 822 2885 5
843 2831 996 2902 Tespiades
1014 2835 1040 2888 Τ

54 2955 244 3027 hippocrenae
259 2974 278 3007 α
296 2953 465 3028 hippocrene
486 2955 515 3007 a
603 2957 723 3008 seuseu
736 2955 844 3028 nrm,
867 2956 952 3011 hasta
967 2957 1002 3012 Η
1025 2919 1071 3026 uic

53 3027 165 3082 ustoD
256 3031 288 3078 12
307 3027 385 3080 rorat
403 3026 516 3097 DGM,
544 3026 641 3079 rorant
659 3045 680 3078 ω
772 3031 805 3080 13
824 3026 924 3082 humor
942 3029 1011 3085 ΒΜ

54 3104 86 3154 16
107 3097 241 3152 desorata
258 3097 349 3151 Barea
435 3102 468 3151 17
487 3095 625 3165 quidquid
648 3096 717 3150 PM
802 3102 834 3151 18
853 3099 993 3168 profluens
1046 3101 1073 3156 G

88 3174 124 3224 19
144 3167 280 3222 innientis
295 3166 394 3223 PBH
413 3167 582 3222 inuenientis
602 3168 631 3236 (u
649 3184 711 3222 corr
728 3167 750 3238 i)
766 3169 792 3222 Τ
816 3168 970 3224 hinnientis
985 3192 1006 3225 ω
1043 3175 1072 3226 et

54 3257 171 3296 recussu
186 3239 218 3294 E
241 3240 270 3294 et
283 3255 396 3293 recursu
410 3259 432 3292 ω
450 3238 490 3308 (m
508 3237 653 3307 nitentisl)
672 3240 749 3294 atrae
769 3255 851 3293 cursu
865 3242 924 3295 coll.
939 3260 969 3312 p.
981 3246 1072 3309 33,16

54 3312 173 3368 Plasber
235 3329 259 3366 c.
277 3309 342 3379 21l2
360 3316 424 3379 post
442 3309 506 3381 23f4
522 3310 549 3365 G
567 3326 610 3364 om
631 3311 656 3364 Τ
748 3315 781 3362 21
802 3310 940 3380 quidquid
959 3314 1032 3383 PM,

54 3388 88 3437 23
108 3381 160 3452 qui
181 3380 250 3451 quid
271 3381 344 3453 PM,
415 3379 581 3435 exanthlata
599 3381 658 3436 PR
682 3381 828 3435 exathlata
842 3383 877 3437 H
906 3382 1072 3437 exathlanta

54 3454 147 3526 ΜΒβ
202 3451 339 3507 athlantis
350 3451 432 3507 Marc
450 3451 523 3521 galis
538 3452 597 3507 PR
615 3468 701 3521 gazas
718 3453 743 3507 G
761 3451 839 3522 gazis
854 3473 875 3506 ω
899 3469 933 3507 ex
946 3452 1072 3508 Atlantis

55 3524 134 3596 gazis
152 3524 206 3581 eda
232 3522 311 3594 gazis
330 3522 496 3578 exanthlata
512 3524 538 3578 Τ
553 3521 667 3578 Graiis?
689 3523 821 3596 Plastena
