2408 3856
390 181 512 237 MUNDI
529 182 577 236 ΕΤ
594 181 749 238 HOMINIS
1009 184 1071 248 151

1086 275 1110 314 Η

59 335 91 393 et
114 333 319 408 frequentibus
339 333 508 409 conceptrix
528 333 646 393 tumida
668 333 833 410 puerperiis
857 335 990 392 animum
1012 338 1168 394 tor-acere

59 421 216 482 mentabat
247 421 384 481 adflictae
417 422 574 496 consortis,
607 423 658 481 sed
691 441 756 482 ecce
784 423 889 480 diuina
916 424 1074 482 clementia

57 511 253 571 tristitiarum
279 510 455 570 medelatrix
481 511 644 570 interuenit
671 515 702 570 et
730 511 916 570 adfiiotorum
942 512 1073 572 salutare

59 600 231 660 antidotum
266 599 347 658 Deus
379 619 439 660 non
476 602 572 659 cessat
608 600 710 660 adesse
741 601 899 676 propitius.
954 601 1075 677 Accipit

58 707 190 766 namque
218 689 329 748 sterilis
357 708 448 748 unam
475 688 511 748 do
540 689 691 749 sacrificiis
718 693 835 765 partem
863 693 893 748 et
914 690 1100 766 triplarums

57 776 317 855 portiuncularum
343 796 466 836 munere
490 779 672 837 cumulatam
695 778 850 838 infremuit
876 779 1074 838 maestificata

58 884 199 942 sororem,
219 869 250 925 et
269 866 406 942 quamuis
424 867 558 925 maritali
572 867 705 926 animata
724 868 840 942 solatio,
858 867 957 926 inerat
971 871 1074 927 tamen

58 956 246 1015 uleerulenta
273 955 396 1014 cicatrix
424 956 552 1032 zelotipo
578 957 710 1016 toxicata
738 956 877 1016 cauterio.
927 955 1073 1017 Posthaec

58 1047 209 1120 quantum
235 1044 345 1104 doloris
373 1045 479 1104 acredo
506 1036 696 1127 dicitauerat,
724 1045 853 1105 sacrario
876 1046 982 1122 templi
1004 1066 1071 1122 pro·
1081 1060 1118 1111 24

57 1136 156 1192 strata
178 1133 303 1192 internis
325 1133 445 1192 fletibus
468 1153 502 1192 ac
525 1137 638 1193 secreto
658 1134 753 1194 cordis
777 1135 941 1194 aestuantis
965 1135 1073 1194 affectu
1087 1157 1113 1196 ro

56 1221 196 1281 caelestis
218 1226 324 1297 portae
347 1223 479 1281 assidam
501 1223 594 1281 tacita
618 1223 804 1283 clamositate
827 1223 975 1299 pulsabat.
1016 1224 1074 1283 Sed

57 1330 127 1371 ecoe
148 1310 199 1371 ille
222 1311 453 1371 indormitabilis
475 1312 614 1388 medicus,
638 1312 687 1372 eui
708 1331 768 1371 non
793 1312 877 1372 uocis
900 1312 1073 1389 admonitio,

57 1399 112 1458 sed
129 1403 309 1458 secretorum
324 1400 448 1459 debetur
460 1400 614 1477 inspectio,
634 1401 714 1460 auris
729 1404 842 1460 secreta
857 1401 1074 1461 admirabiliter

55 1507 145 1565 pura,
169 1507 260 1564 quam
282 1508 343 1548 non
365 1490 489 1548 instruit
511 1490 633 1548 uerbale
656 1490 873 1566 commercium,
900 1509 991 1566 quam
1013 1510 1073 1550 non

56 1578 135 1637 latet
158 1579 299 1636 secretale
323 1578 482 1653 silentium,
505 1598 595 1654 penes
619 1598 707 1654 quem
730 1580 919 1638 taciturnitas
943 1580 1072 1639 clamoso
1088 1600 1113 1641 15
1155 1608 1159 1616 ·

55 1669 200 1742 personat
228 1666 354 1742 strepitu
382 1670 412 1725 et
440 1668 620 1727 conscientia
649 1672 853 1744 quantumque
882 1669 1005 1728 obscura
1033 1669 1073 1728 sit

56 1755 154 1815 nescit
177 1755 273 1815 celare
297 1759 450 1832 secretum,
474 1756 559 1815 adest
582 1757 749 1816 sterilitatis
769 1757 870 1816 aridae
889 1758 1072 1834 fecundator,

56 1844 212 1905 oculorum
234 1844 456 1904 lacrimantium
479 1845 651 1920 desiccator,
674 1846 887 1906 desideriorum
910 1864 1072 1922 concessor,

55 1933 133 1993 dans
151 1936 257 1992 uotum
276 1934 445 2009 optantium
464 1937 494 1992 et
506 1934 693 1993 humilitates
707 1934 866 1994 subleuans
880 1935 1071 1994 infirmorum.

56 2022 135 2081 Ecce
158 2022 238 2080 enim
264 2022 343 2081 inter
364 2025 428 2082 tam
456 2041 541 2081 sacra
564 2023 796 2100 admirandaque
821 2024 986 2083 conmercia
1007 2045 1071 2083 mu·
1086 2047 1113 2086 ao

55 2109 140 2169 lieris
172 2111 302 2187 petentis
334 2114 364 2170 et
391 2111 504 2170 domim'
531 2113 730 2188 concedentis,
763 2113 834 2171 dum
865 2113 967 2173 dolens
996 2132 1072 2188 quae

56 2199 209 2259 desiderat
232 2200 349 2275 quaerit
372 2204 402 2259 et
420 2201 556 2260 dominus
580 2201 747 2260 desiderata
770 2202 912 2277 concedit,
936 2202 1072 2261 sacerdos

54 2288 220 2348 interuenit
242 2292 272 2347 et
294 2289 562 2350 inconsideratione
582 2309 782 2366 praepropera
800 2309 946 2349 merorem
963 2290 1072 2350 mentis

55 2377 268 2437 merulentiam
282 2378 406 2437 credidit
419 2379 567 2454 mulieris,
587 2379 638 2438 sed
652 2379 723 2436 dum
737 2379 840 2438 scisset
854 2379 934 2454 quod
947 2379 1073 2454 potandi

55 2484 119 2525 non
137 2468 202 2525 erat
220 2468 316 2544 culpa,
339 2467 390 2525 sed
407 2468 546 2542 plorandi
564 2468 662 2527 fuerat
679 2487 785 2543 poena,
807 2470 963 2543 exoptator
981 2468 1072 2526 etiam
1086 2490 1115 2530 ae

54 2555 122 2632 ipse
146 2574 252 2614 causae
274 2556 336 2614 iam
358 2555 455 2614 factus
475 2559 520 2615 est
537 2557 706 2633 inpetratae
725 2559 755 2616 ot
779 2557 849 2632 quia
872 2556 943 2615 deus
966 2575 1020 2631 per
1041 2575 1071 2615 se

54 2643 142 2719 loqui
168 2645 277 2720 noluit,
305 2645 465 2703 sacerdotis
494 2665 544 2705 ore
572 2647 653 2722 quod
676 2646 853 2722 promiserat
876 2645 1071 2704 confirmauit.

54 2733 164 2808 Itaque
182 2733 287 2791 Annae
310 2734 472 2792 uisceribus
495 2735 639 2793 incubans
657 2736 819 2794 nemacula
838 2734 910 2793 olim
929 2734 1072 2793 sterilitas

54 2821 220 2881 forinsecus
238 2822 362 2898 pellitur
380 2825 411 2880 et
428 2823 570 2882 fertilitas
588 2825 697 2882 uuluae
716 2823 900 2882 domicilium
918 2823 970 2882 ubi
987 2843 1072 2881 num-

55 2929 150 2986 quam
171 2911 310 2969 interfuit
332 2910 468 2970 habitare
489 2912 617 2971 iubetur.
662 2912 760 2971 Discit
781 2915 878 2971 mater
903 2930 966 2971 esse
993 2912 1072 2987 quod
1085 2935 1112 2975 eo

129 3049 163 3098 19
182 3047 216 3112 cf.
236 3044 282 3099 Ea.
302 3051 345 3114 21,
360 3051 394 3100 26

128 3191 144 3241 8
168 3186 297 3258 zelotypo
316 3187 371 3243 RS
463 3194 497 3242 10
521 3152 616 3244 ‘attactu
643 3189 673 3257 (d
701 3206 830 3258 suprascr
857 3207 891 3245 m.
918 3191 983 3256 rec.)
1011 3189 1039 3241 P

55 3262 90 3312 11
110 3257 221 3313 asulam
236 3279 257 3312 ω
275 3276 405 3329 suprascr
419 3261 429 3313 l
444 3259 603 3315 clausulas
620 3259 745 3314 assulam
759 3260 892 3331 Plasberp
971 3265 1002 3314 12
1022 3259 1071 3313 ille

54 3346 99 3385 om
114 3330 142 3382 P
228 3332 489 3400 1cquantuos1q38
576 3338 609 3385 19
629 3330 789 3385 obtantium
804 3331 863 3386 PR
953 3336 1071 3384 206011-

54 3399 158 3454 mertia
176 3404 316 3472 (suprascr
330 3419 345 3456 c
360 3421 394 3457 m.
409 3407 471 3471 rec.)
487 3403 515 3456 P
535 3402 702 3458 commercia
716 3402 772 3456 Rs
838 3407 871 3454 21
892 3403 976 3482 quae]
995 3400 1071 3468 quod

53 3470 150 3543 RSP,
239 3478 272 3526 23
293 3490 443 3528 memorem
457 3475 485 3529 R
571 3480 605 3528 28
625 3473 816 3528 nemaculaS
886 3471 1021 3526 sterihtae
1036 3503 1071 3512 -

54 3541 190 3598 fertilitas
204 3549 238 3597 29
253 3545 332 3600 omS
