2408 3856
463 125 667 182 PRAEFATIO
1020 126 1071 181 XV

58 295 135 336 saec.
149 275 217 351 XII,
240 277 323 334 cuius
345 277 378 334 in
400 276 498 336 locum
520 277 616 351 initio,
639 276 690 334 ubi
710 277 866 336 mutilatus
885 280 931 336 est
946 268 991 357 (p.
1009 279 1072 336 130

58 364 180 439 -141,
191 357 235 446 8),
253 364 344 424 codex
357 365 520 425 Uaticanus
542 367 625 424 7257
647 384 721 425 saec.
735 365 822 424 XVII
840 366 984 444 succedit;
1002 385 1072 424 nam
1092 365 1118 421 V

57 455 137 512 hunc
161 471 179 512 a
201 454 267 513 ulro
286 453 373 513 docto
395 474 430 512 ex
449 454 502 512 illo
522 454 702 531 descriptum
721 473 793 529 esse,
814 457 849 512 ut
867 455 948 514 illius
971 458 1071 530 partes

58 543 208 619 suscipere
220 542 326 618 possit,
351 542 477 602 Ioannes
493 542 628 602 Graeuen
641 563 689 602 me
703 542 804 602 docuit
818 544 870 618 qui
882 546 943 602 tres
958 543 1071 604 codices

57 631 210 691 Romanos
233 631 371 707 eontulit3
396 651 454 708 qua
478 631 513 691 de
537 651 626 692 causa
650 634 712 692 eius
735 632 876 692 lectiones
899 651 959 690 non
982 633 1072 691 attuli

57 721 117 780 nisi
143 720 196 779 ubi
218 720 393 798 Baginensis
420 720 526 780 deficit.
567 720 663 780 Multo
686 721 845 781 deteriores
874 724 943 781 sunt
966 721 1069 779 Tauri-
1086 722 1112 776 T

56 810 159 869 nensis
182 809 210 866 D
227 809 272 866 IV
291 811 331 868 39
356 827 430 868 saec.
449 809 537 885 XIII,
558 810 591 868 in
614 828 672 886 quo
695 811 838 886 pleraque
861 801 894 891 (a
912 830 940 885 p.
963 811 1069 884 130,7

57 898 140 974 adp.
158 901 231 971 171,
241 889 298 978 21)
317 897 397 958 foliis
414 899 546 958 rescissis
565 899 750 975 interierunt,
769 901 799 958 et
814 897 990 958 sorbonicus
1007 899 1069 957 268
1086 898 1108 954 S

57 1005 134 1047 saec.
157 985 231 1045 XIII
258 1005 294 1045 ex
321 1005 379 1061 quo
405 987 578 1047 Hommeius
611 989 683 1047 olim
715 988 889 1064 opusculum
919 988 1071 1064 expressit,

58 1092 242 1152 quamquam
260 1094 327 1133 eum
344 1076 550 1153 neglegentius
572 1077 604 1134 in
623 1076 721 1136 codice
744 1077 869 1154 legendo
888 1095 919 1136 se
937 1077 1071 1153 gessisse,

58 1183 126 1224 cum
149 1164 258 1222 librum
280 1163 406 1242 benigne
433 1165 682 1225 intercedentibus
706 1167 827 1225 summis
850 1166 1005 1241 utriusque
1027 1166 1070 1224 rei

56 1252 196 1330 publicae
218 1252 443 1329 magIstratibus
465 1254 672 1314 liberalissime
695 1254 868 1313 Berolinum
884 1255 1008 1314 mitreum
1025 1255 1071 1312 in-

58 1343 203 1419 spicerem
226 1344 257 1400 et
279 1343 485 1418 examinarem,
509 1344 573 1418 ipse
596 1344 729 1421 cognoui.
767 1341 946 1418 Saepissime
968 1344 1072 1401 autem

57 1432 90 1489 15
120 1431 178 1491 hoc
209 1429 285 1489 libro
317 1432 492 1492 coniecturis
526 1450 602 1508 quae
634 1436 738 1492 auctor
769 1432 929 1508 scripserat
965 1432 1071 1508 depra-

58 1522 130 1580 uata
154 1522 231 1579 sunt

123 1660 237 1720 Addidi
258 1644 589 1722 commentatiunculam
610 1655 729 1739 ‘super
749 1656 976 1738 Thebaiden’,
994 1681 1071 1738 quae

58 1754 159 1810 511515
175 1749 327 1828 Fulgentii
346 1751 386 1810 sit
403 1770 503 1825 necne,
525 1751 617 1811 firmis
636 1752 818 1828 argumentis
837 1750 994 1810 diiudicari
1011 1770 1070 1811 non

57 1857 144 1916 posse
166 1857 242 1898 mus.
260 1839 352 1898 Rhen.
370 1839 427 1898 LII
443 1843 504 1899 177
521 1859 584 1917 sqq.
604 1840 818 1917 demonstrem,
841 1844 946 1917 postea
969 1843 1070 1898 tamen

57 1928 89 1987 P.
113 1928 151 1987 de
174 1926 354 1986 Winterfeld
377 1927 467 1988 Statii
495 1947 658 2008 cognomen
682 1929 761 2006 quod
784 1933 829 1989 est
853 1928 992 1989 Surculus
1015 1947 1069 2005 pro

58 2015 183 2077 Sursulc
190 2007 216 2098 ¹)
235 2035 313 2092 quae
330 2018 443 2077 usitata
462 2021 540 2079 esset
556 2018 652 2078 forma
671 2021 741 2078 ante
755 2018 902 2077 decimum
920 2018 1071 2077 saeculum

57 2125 114 2166 uon
142 2105 272 2164 inueniri
294 2125 342 2164 me
364 2107 487 2166 monuit.
534 2106 618 2176 Quod
640 2108 666 2167 si
688 2127 792 2167 uerum
810 2110 863 2183 est,
887 2110 999 2166 certum
1022 2126 1071 2165 ex·

58 2199 116 2254 stat
150 2197 360 2272 argumentum
396 2213 456 2271 quo
487 2214 506 2254 a
537 2196 695 2274 Fulgentio
725 2197 782 2255 hoc
814 2196 988 2272 opusculum
1019 2195 1069 2253 ab·

57 2284 183 2343 iudicari
207 2284 315 2359 possit,
337 2284 417 2360 quod
444 2285 535 2342 etiam
558 2303 691 2344 sermone
714 2303 733 2343 a
754 2285 970 2363 Fulgentianis,
993 2303 1069 2359 quae

57 2372 195 2452 longiora
218 2371 357 2431 exhibent
378 2373 534 2431 enuntiata
558 2378 588 2431 et
610 2373 746 2449 pluribus
769 2376 876 2432 ornata
897 2372 1070 2446 luminibus,

57 2462 247 2538 aliquantum
261 2460 359 2520 differt
372 2465 463 2538 atque
475 2481 549 2521 uoce
565 2480 640 2538 quae
655 2465 700 2522 est
714 2457 858 2521 ‘anichos'
873 2453 915 2543 (p.
928 2463 999 2537 183,
1012 2452 1068 2543 11)

57 2551 257 2628 suspicionem
273 2553 383 2625 mouet,
406 2551 477 2626 quia
494 2550 686 2627 Fulgentium
707 2551 827 2629 linguae
847 2548 976 2609 Graecae
995 2550 1069 2610 adeo

57 2639 229 2716 imperitum
256 2638 347 2698 fuisse
374 2658 433 2699 non
461 2639 615 2700 credimus.
661 2640 768 2700 Exstat
790 2643 892 2699 autem
914 2641 946 2698 15
969 2638 1068 2698 codiee

56 2726 193 2790 ParIsInc
207 2726 278 2786 bibl.
292 2727 373 2805 publ.
389 2730 485 2802 3012,
503 2729 586 2789 cuius
604 2729 763 2788 collatione
781 2730 827 2787 uti
844 2729 930 2805 potui
948 2728 1069 2803 duplici,

10 2854 12 2889 ,
58 2834 120 2877 cum
144 2817 244 2892 primo
262 2816 413 2877 Rossbach
437 2836 527 2892 quam
549 2818 613 2893 ipse
636 2818 802 2876 confecerat
824 2818 902 2876 ultro
925 2817 999 2875 mihi
1018 2816 1068 2875 ob·

56 2907 185 2981 atissa,
203 2908 308 2980 postea
321 2906 461 2966 Wessner
475 2905 696 2965 Gundermanni
710 2906 831 2966 schedas
844 2907 918 2964 mihi
931 2907 1069 2966 misisset.

10 3038 14 3065 ‚
59 2992 138 3063 Quae
169 2993 343 3054 collationes
371 3013 431 3053 non
458 2995 593 3055 omnibus
620 2996 693 3055 locis
718 2997 796 3053 inter
818 3015 849 3054 se
873 2997 1069 3070 consentiunt,

10 3134 12 3143 .
59 3085 126 3158 quia
155 3083 267 3142 iniuria
294 3086 461 3159 temporum
489 3088 519 3143 at
544 3103 647 3162 margo
671 3084 779 3144 codicis
803 3084 876 3143 adeo
903 3085 1000 3144 laesus
1023 3087 1069 3144 est

58 3176 89 3231 ut
118 3172 224 3249 plures
257 3175 309 3230 aut
341 3173 438 3232 desint
468 3172 587 3231 litterae
620 3176 674 3231 aut
704 3192 799 3249 paene
831 3175 1006 3232 euanuerint
1038 3177 1069 3231 et

60 3260 219 3321 ehamenti
250 3260 344 3335 ipsius
376 3263 456 3320 color
482 3262 526 3321 ita
557 3263 680 3338 perierit
706 3267 741 3321 ut
768 3263 867 3322 omnia
894 3262 1068 3321 difficillime

60 3345 203 3428 aaa.

63 3442 317 3554 Weiss
336 3483 397 3538 sa.
416 3484 479 3539 aar.
498 3483 520 3538 v
539 3484 581 3540 ea.
597 3484 722 3540 uoumer
741 3490 810 3539 reor
830 3503 856 3554 p.
873 3491 906 3538 rc
925 3503 953 3537 n.
969 3490 995 3536 e.
