2408 3856
109 164 149 228 17
153 165 172 228 8
474 165 524 218 DE
542 164 746 219 AETATIBUS

67 257 90 294 Η

9 330 67 368 abest
78 287 98 366 0Ι
106 315 187 374 iusta
217 315 291 374 haec
323 315 489 374 diuinitatis
517 316 549 373 in
575 315 735 373 rebellibus
764 315 866 373 fuerat
891 333 978 391 pena.
1024 313 1125 384 Quam

107 404 186 462 enim
199 405 293 462 Iudea
311 405 489 480 patientiam
506 403 630 462 haberet
647 403 679 461 in
696 403 775 478 filiis,
795 421 871 479 quae
889 422 976 462 suam
992 404 1124 463 salutem

106 511 200 568 usque
229 493 268 551 ad
294 493 464 569 patibulum
490 493 670 567 perduxerat
696 492 803 566 crucis,
836 495 867 551 et
896 511 974 568 quae
1002 511 1124 551 carnem

106 581 163 639 filii
193 583 251 640 Dei
287 582 419 657 accipere
451 582 577 657 spreuit,
614 581 662 640 sui
697 600 801 640 carnes
835 580 891 639 filii
927 583 989 640 suis
1026 582 1126 657 epulis

80 671 308 747 spraeparauit.
354 669 445 729 Cerne
472 670 552 728 enim
578 670 650 746 quia
674 671 806 746 quinque
832 669 961 745 panibus
986 674 1126 729 saturata

108 760 238 835 quinque
268 760 352 818 milia
382 763 451 818 ante
483 759 628 818 deriserat
662 763 693 818 et
722 778 802 818 nunc
825 791 867 800 -
889 762 1010 817 tantum
1041 759 1126 818 uitae

106 849 256 924 reliquum
278 882 320 890 -
343 848 399 906 filii
426 867 528 907 carnes
553 849 686 906 esuriens
708 847 939 924 praelambebat.
986 848 1126 907 Primum

107 938 199 996 etiam
225 937 364 996 Iudaicus
392 936 530 1013 princeps
560 938 631 995 dum
658 937 810 996 Christum
840 937 960 1012 quaerit
990 937 1127 997 infantes

106 1025 261 1101 interimit,
284 1030 332 1084 ast
354 1025 402 1084 hic
419 1026 565 1085 secundus
584 1026 654 1084 dum
674 1025 823 1085 Christum
845 1025 999 1084 ulciscitur
1015 1045 1126 1102 paren·

68 1137 93 1175 rc
106 1116 171 1172 tum
194 1115 373 1173 mandibulis
395 1115 525 1174 infantes
549 1114 672 1173 addixit.
714 1113 793 1184 Quid
814 1114 942 1173 referam
964 1114 1127 1174 Aureliani

106 1203 139 1260 in
169 1202 266 1261 Deum
301 1207 468 1263 tumentem
499 1203 645 1262 inuidiam
675 1204 763 1262 unius
794 1203 933 1262 miraculi
967 1203 1127 1263 effectibus

107 1292 270 1350 delinitam.
329 1292 466 1368 Namque
504 1292 575 1350 dum
609 1293 695 1350 miles
714 1336 845 1367 .......
882 1291 1027 1351 densatur
1065 1312 1127 1369 aer,

107 1384 292 1439 crassescunt
323 1381 463 1455 nebulae,
494 1381 573 1457 ignis
605 1381 668 1456 ipse
696 1382 800 1456 etiam,
833 1381 859 1438 si
886 1380 965 1439 credi
993 1380 1042 1440 fas
1071 1385 1126 1457 est,

107 1488 200 1544 aquas
223 1468 329 1528 didicit
350 1470 507 1545 parturire.
552 1469 656 1528 Perdit
677 1469 756 1547 ignis
779 1472 920 1528 naturam
941 1469 974 1527 in
996 1469 1125 1530 imbrem

67 1581 92 1619 15
106 1558 260 1634 migratus,
280 1558 406 1617 desudat
423 1559 578 1617 humectus
596 1559 628 1616 in
647 1558 738 1616 radiis
752 1557 857 1633 FebuS,
876 1561 907 1617 et
924 1561 959 1616 ut
978 1557 1125 1618 diuinitas

106 1646 279 1721 imperauit,
307 1647 428 1705 flamma
451 1648 542 1706 ctiam
568 1648 672 1723 pluere
696 1646 800 1705 didicit
823 1649 913 1722 atque
936 1647 968 1704 in
992 1648 1058 1707 suis
1079 1649 1122 1706 in·

107 1735 217 1793 cendiis
235 1737 341 1812 guttas
360 1736 468 1794 habere
487 1755 518 1795 se
536 1735 707 1811 repentinas
727 1735 857 1810 expauit.
893 1735 1000 1794 Discat
1018 1737 1123 1813 itaque

105 1843 225 1900 pagana
252 1824 365 1882 duritia
392 1825 464 1900 quia
490 1843 543 1883 nec
572 1825 724 1883 elementis
751 1825 823 1883 licet
849 1842 936 1882 suam
967 1824 1123 1884 uindicare

105 1915 253 1989 naturam,
277 1932 368 1989 quam
386 1913 573 1972 Christianus
595 1916 679 1972 tenet
700 1913 733 1970 in
756 1932 842 1971 suum
862 1913 939 1971 uelle
959 1914 1119 1990 captiuam

66 2023 92 2061 20
106 2001 242 2076 Denique
269 2021 330 2060 una
357 2002 480 2077 pluuiae
508 2001 588 2059 unda
612 2004 643 2060 et
670 2001 755 2059 arida
778 2002 932 2060 sitientum
954 2002 1071 2062 ieiunia
1093 2004 1121 2062 et

106 2091 217 2166 pagani
239 2091 446 2167 persequentis
468 2090 624 2149 humidata
647 2092 692 2149 est
714 2090 843 2149 flamma.
879 2091 945 2148 Iam
968 2092 1048 2149 enim
1072 2091 1118 2150 ad·

105 2197 211 2237 uersus
236 2178 436 2238 Christianam
461 2179 550 2237 fidem
578 2197 662 2238 sacra
690 2178 835 2256 ediderat,
863 2198 955 2254 penas
984 2179 1119 2239 infixerat

106 2271 137 2325 et
164 2267 312 2327 cmciatus
340 2271 506 2342 martyrum
533 2268 658 2327 decretis
685 2267 812 2343 publicis
839 2268 989 2326 titularet.
1043 2268 1118 2338 Quas

105 2359 159 2414 tua
177 2357 291 2432 pluuia,
313 2357 403 2431 Deus,
425 2357 519 2414 imbre
538 2357 652 2416 faculas
671 2357 805 2431 extinxit,
829 2359 859 2415 et
877 2375 938 2415 una
958 2357 1118 2434 eademque

67 2465 92 2505 25
107 2446 255 2504 sententia
281 2445 445 2520 imperialis
473 2464 599 2504 censura
621 2445 805 2522 infringitur,
832 2445 972 2504 militaris
996 2447 1118 2506 ariditas

106 2536 269 2592 saturatur.
325 2533 401 2602 Quid
432 2535 560 2593 referam
591 2535 744 2610 placidum
775 2534 908 2593 Neruam
945 2535 1118 2612 felicemque

176 2716 192 2764 5
212 2713 246 2779 cf.
260 2711 363 2767 Matth.
379 2718 544 2793 14,1eaqq.
626 2718 659 2765 10
673 2729 727 2782 sqq.
746 2713 781 2780 cf.
797 2711 874 2767 Oros.
889 2712 942 2766 VII
956 2717 972 2766 'l
988 2730 1051 2783 sqq.

178 2881 333 2936 liuxtaR
405 2878 506 2934 4filiis
526 2879 584 2934 suis
599 2881 656 2935 PT
726 2887 844 2936 deame
859 2881 917 2935 PR
943 2886 1028 2935 carne
1047 2883 1119 2938 raa

105 2954 151 3008 Hc
201 2952 260 3006 sine
280 2969 362 3005 carne
376 2953 533 3020 Reifferscb.
593 2957 664 3006 6en
682 2969 755 3006 nunc
768 2953 927 3020 Reifferscb.
989 2951 1120 3022 ‘lreliqui

105 3024 134 3077 P
204 3028 236 3075 12
260 3022 413 3077 dillinitam
432 3024 460 3076 P
530 3027 563 3075 12
586 3025 683 3078 cerba:
709 3024 843 3077 densatur
866 3039 968 3076 aer-
986 3023 1016 3077 et
1042 3024 1121 3078 arida

106 3093 251 3148 sitientum
278 3100 312 3147 20
343 3096 393 3149 hcc
423 3094 481 3148 loco
512 3095 612 3148 οηιίεεα
644 3095 772 3165 legantur
799 3101 864 3164 post
893 3094 1120 3162 praetermittam

104 3180 218 3219 necesse
234 3165 346 3231 est179,
358 3171 387 3233 3;
406 3167 575 3234 transposuit
587 3172 612 3219 et
625 3166 677 3220 lac.
691 3168 813 3247 signarit
823 3165 980 3232 Reifferscb.
1018 3167 1121 3221 lacuna

104 3237 144 3291 sic
166 3238 222 3301 sere
245 3237 348 3304 expleri
367 3243 469 3304 petest:
497 3235 625 3308 <ieiunia
648 3237 795 3307 queritur>
894 3241 927 3288 15
950 3237 1079 3290 mutatus
1098 3237 1123 3291 Τ

104 3307 232 3377 nigratus
247 3307 403 3373 Reifferscb.
465 3312 499 3360 20
518 3306 676 3361 sicienteY
735 3313 768 3360 22
789 3324 868 3362 sacra
882 3306 977 3360 edicta
991 3307 1121 3362 ediderat

104 3379 260 3445 Reifferscb.
343 3383 378 3430 24
395 3378 492 3446 ymbre
510 3379 536 3430 T
555 3377 614 3432 irae
628 3379 785 3447 Reifferscb.
854 3379 945 3432 factas
960 3397 982 3431 ω
1010 3378 1120 3432 faculas

104 3450 262 3517 Reiffersclc.
281 3447 371 3503 facias
386 3451 450 3504 Sittl
464 3451 558 3504 aaacl.
573 3451 707 3504 Bursian.
722 3451 782 3505 LV
793 3452 890 3519 (1888)
903 3451 960 3503 242
1014 3450 1120 3505 extinc-

100 3519 222 3575 xitBT
309 3525 343 3573 26
361 3536 478 3574 neruum
493 3521 520 3573 P
