2408 3856
397 176 513 232 SUPER
531 176 744 230 THEBAIDEN
1011 176 1076 240 185

62 327 142 386 enim
169 348 229 387 non
258 327 363 403 credit,
391 327 451 386 iam
479 327 629 386 iudicatus
654 330 706 385 est.
752 326 816 385 Nec
837 329 928 385 uacat
955 328 1078 403 quoda

62 419 198 492 serpente
222 416 372 475 occiditur.
415 414 517 474 Omnis
541 416 620 474 enim
643 415 772 474 idolatra
795 435 813 473 a
835 416 968 493 maligno
991 417 1076 475 hoste

61 506 168 582 procul
187 505 278 564 dubio
298 508 444 564 enecatur.
480 504 566 573 Quod
585 507 686 562 autem
704 503 866 582 Licurgum
885 505 1077 563 consolantur
1118 572 1121 581 Ι

64 593 159 669 Greci,
182 613 242 654 non
261 596 306 652 est
325 613 393 652 cum
411 594 529 653 silentio
548 593 808 668 praetereundum.
845 593 979 652 Mortuos
998 594 1076 652 enim

62 683 94 741 in
125 683 255 758 peccatis
288 683 412 741 scientia
444 683 604 741 saecularis
638 683 815 741 consolatur.
867 681 952 740 Unde
985 682 1103 743 etiams

61 771 201 848 sequitur
223 771 304 847 quod
325 771 538 830 Archemorum
565 770 725 830 honorifice
752 771 907 846 sepeliunt.
953 770 1077 829 Alumni

62 860 143 919 enim
165 860 323 919 idolatriae
345 879 486 936 pompose
510 863 541 918 et
562 859 722 919 honorifice
746 862 894 935 quantum
913 859 951 918 ad
971 860 1076 936 uulga-

60 968 128 1023 rem
155 949 325 1025 opinionem
353 949 540 1024 sepeliuntur
561 967 636 1024 quos
664 949 695 1006 in
722 949 849 1024 peccatis
873 949 984 1024 sopitos
1010 950 1076 1007 laus

60 1038 194 1096 humana
221 1041 252 1096 et
278 1037 446 1096 mundanae
473 1038 619 1097 uanitatis
649 1038 746 1114 gloria
773 1038 913 1096 inuoluit.
960 1037 1076 1096 Deinde

61 1127 228 1204 pugnaturi
246 1126 341 1186 Tabas
361 1126 472 1185 adeunt
495 1129 526 1184 et
548 1129 684 1203 pugnant
704 1129 807 1185 contra
825 1127 958 1185 Edoclen
981 1127 1013 1184 id
1032 1129 1117 1186 est1o

62 1215 233 1292 auaritiam,
257 1215 328 1292 quia
346 1215 403 1274 etsi
421 1215 572 1290 utrimque
593 1215 723 1290 uanitas,
746 1218 848 1273 tamen
870 1215 1076 1291 philosophiae

61 1304 186 1363 intentis
210 1304 341 1362 auaritia
364 1304 513 1363 sordescit.
549 1303 699 1380 Pugnant,
722 1304 773 1362 sed
795 1304 828 1361 in
849 1304 939 1364 huius
958 1324 1076 1381 pugnae

62 1393 145 1452 exitu
180 1411 240 1451 non
271 1395 497 1468 prosperantur,
535 1393 711 1452 occiduntur
744 1392 823 1450 enim
855 1412 964 1452 omnes.
1019 1393 1076 1451 Hic

60 1482 210 1540 humanae
239 1482 371 1541 cecitatis
401 1482 498 1558 caligo
526 1482 712 1557 exprimitur,
744 1501 819 1557 quae
848 1481 884 1540 de
911 1482 998 1540 malis
1027 1482 1076 1539 de-

62 1570 187 1645 teriora,
215 1571 250 1628 de
277 1571 364 1629 uanis
392 1571 518 1629 uaniora
547 1571 719 1646 frequenter
743 1570 840 1648 eligit,
870 1589 938 1629 cum
965 1570 1076 1629 artium
1090 1587 1117 1628 15

63 1659 219 1718 scientiam
236 1659 333 1717 minus
352 1679 464 1717 uanam
485 1659 633 1718 auaritiae
652 1659 771 1718 uaniori
789 1662 981 1735 postponunt.
1019 1658 1077 1717 Sed

62 1767 124 1807 non
146 1751 237 1806 uacat
264 1748 343 1823 quod
369 1748 517 1806 subditur:
544 1750 677 1824 Excepto
699 1748 837 1807 Adrasto.
883 1748 1077 1823 Philosophia

63 1837 156 1912 enim,
184 1836 242 1895 etsi
267 1837 300 1894 in
327 1837 426 1895 auaris
453 1839 569 1912 pereat,
597 1837 629 1895 in
656 1856 687 1895 se
713 1855 772 1895 non
794 1837 983 1895 interimitur.
1028 1836 1078 1894 Ad

61 1925 204 1984 ultimum
231 1925 367 1984 duellant
394 1924 516 2000 fratres,
544 1925 576 1983 id
603 1928 648 1984 est
676 1925 806 1984 auaritia
829 1929 860 1984 et
887 1926 1019 2000 lamnia,
1047 1927 1077 1983 et

62 2017 168 2072 mutuo
201 2033 231 2072 se
263 2015 423 2090 perimunt.
478 2015 583 2089 Neque
615 2014 694 2072 enim
725 2014 757 2071 in
789 2014 892 2072 eodem
923 2033 954 2074 sc
987 2015 1118 2073 simulac

62 2102 221 2179 patiuntur
244 2103 389 2161 auaritiae
413 2102 558 2162 seueritas
582 2105 612 2161 et
629 2103 764 2160 luxuriae
782 2103 916 2161 lasciuia.
936 2081 1013 2176 [sod
1030 2103 1076 2162 his

63 2191 200 2268 peremtis
232 2191 316 2250 uitiis
348 2191 380 2249 in
413 2192 513 2250 anima
546 2191 676 2268 insurgit
708 2191 859 2266 superbia,
892 2211 970 2267 quae
1002 2192 1076 2250 bene

63 2280 175 2339 dicitur
199 2279 293 2338 Greon
316 2280 404 2355 quasi
427 2298 558 2338 cremens
582 2280 689 2339 omnia.
734 2280 816 2338 Nota
840 2281 919 2355 quod
944 2283 1077 2339 cessante

64 2369 146 2428 omni
167 2369 244 2427 uitio
269 2368 407 2444 superbia
430 2368 526 2427 acrius
549 2369 581 2427 in
605 2370 704 2427 anima
723 2388 848 2445 regnum
866 2369 923 2428 sibi
941 2372 1076 2445 usurpat,

64 2457 185 2535 quando
213 2457 329 2516 animus
358 2476 394 2516 ex
419 2457 609 2533 perfectionis
638 2457 818 2516 conscientia
847 2457 988 2516 interiore
1016 2458 1076 2515 ela·
1091 2475 1118 2515 aa

63 2547 145 2606 tione
172 2547 320 2605 tumescit.
365 2545 451 2604 Unde
478 2546 594 2622 poetice
621 2547 690 2622 post
717 2549 844 2604 mortem
873 2546 1018 2605 Ethioclis
1048 2549 1077 2604 et

63 2635 206 2694 Polinicis
241 2635 371 2712 insurgit
408 2635 502 2694 Greon
541 2638 728 2712 regnaturus
789 2634 845 2704 Qui
882 2635 974 2693 etiam
1009 2654 1077 2711 pro·

62 2724 147 2782 hibet
164 2742 249 2801 reges
268 2724 394 2800 sepeliri,
418 2724 449 2781 id
473 2727 518 2783 est
535 2724 675 2782 scientias
694 2725 859 2782 saeculares
877 2725 979 2800 latere,
1004 2743 1077 2799 quas

137 2934 151 2982 1
171 2929 206 2995 cf.
225 2928 319 2983 loann.
339 2935 413 2997 3,18

136 3130 152 3179 3
175 3124 255 3196 liggr'r
269 3125 298 3178 P
314 3141 354 3178 em
368 3125 413 3180 Hc
485 3129 502 3177 4
524 3097 635 3208 nrortu9
649 3125 677 3176 P
691 3141 731 3179 em
746 3124 790 3178 He
865 3130 880 3178 6
900 3123 998 3194 alupni
1016 3125 1045 3176 P

66 3219 81 3268 7
100 3213 215 3285 uulgale
229 3215 258 3266 P
268 3232 307 3269 em
323 3214 367 3268 He
457 3219 473 3268 8
496 3212 589 3283 poecis
605 3214 640 3282 (.?)
654 3213 696 3268 Pr
722 3212 800 3282 pacis
819 3213 862 3284 1³9
888 3211 1014 3283 peccatis
1033 3212 1078 3266 He

102 3290 134 3339 10
154 3284 262 3339 eciolcn
276 3287 304 3339 P
316 3303 356 3340 em
370 3286 404 3340 H
458 3291 491 3338 12
510 3283 593 3338 scutis
608 3285 649 3340 Pr
666 3284 746 3338 initis
756 3284 791 3353 (?)
806 3285 834 3338 P
867 3283 983 3338 intentis
998 3283 1042 3337 He

65 3361 98 3409 17
114 3356 228 3410 adastro
243 3356 323 3411 Pem
338 3358 382 3412 Hc
447 3361 481 3409 22
500 3355 658 3427 phennisP
673 3355 807 3426 peremtis
849 3374 861 3409 e
925 3359 1078 3408 ascranae

64 3427 93 3481 P
117 3428 143 3483 h.
167 3445 188 3483 e.
213 3444 352 3497 premeres,
378 3435 410 3482 ut
436 3430 549 3497 interpr.
578 3428 713 3498 Plasberg
736 3428 795 3481 coll.
813 3445 843 3496 p.
867 3429 911 3494 51,
931 3429 967 3479 18
987 3441 1041 3494 sqq.

64 3538 98 3587 27
117 3520 232 3603 regnat⁹
246 3534 288 3588 Pr
314 3535 481 3605 regnaturus
500 3533 543 3606 Pp
643 3537 676 3587 28
699 3517 859 3602 iepeliriP
882 3535 939 3599 tera
960 3532 1026 3582 aad.
1041 3533 1096 3589 mh
