<?xml version="1.0" encoding="UTF-8"?>
<!DOCTYPE html PUBLIC "-//W3C//DTD XHTML 1.0 Transitional//EN"
    "http://www.w3.org/TR/xhtml1/DTD/xhtml1-transitional.dtd">
<html xmlns="http://www.w3.org/1999/xhtml" xml:lang="en" lang="en">
 <head>
  <title>
</title>
<meta http-equiv="Content-Type" content="text/html;charset=utf-8" />
  <meta name='ocr-system' content='tesseract 3.04.00' />
  <meta name='ocr-capabilities' content='ocr_page ocr_carea ocr_par ocr_line ocrx_word'/>
</head>
<body>
  <div class='ocr_page' id='page_1' title='image "./fabiiplanciadis00fulggoog_0205.png"; bbox 0 0 2408 3856; ppageno 0'>
   <div class='ocr_carea' id='block_1_1' title="bbox 373 843 934 1069">
    <p class='ocr_par' dir='ltr' id='par_1_1' title="bbox 373 843 934 1069">
     <span class='ocr_line' id='line_1_1' title="bbox 373 843 934 928; baseline 0.004 -4"><span class='ocrx_word' id='word_1_1' title='bbox 373 843 408 925; x_wconf 80' lang='lat' dir='ltr'>S.</span> <span class='ocrx_word' id='word_1_2' title='bbox 441 843 693 926; x_wconf 80' lang='lat' dir='ltr'><strong>FULGENTH</strong></span> <span class='ocrx_word' id='word_1_3' title='bbox 725 844 934 928; x_wconf 80' lang='lat' dir='ltr'>EPISOOPI</span> 
     </span>
     <span class='ocr_line' id='line_1_2' title="bbox 431 984 873 1069; baseline 0.002 -2"><span class='ocrx_word' id='word_1_4' title='bbox 431 984 580 1068; x_wconf 83' lang='lat' dir='ltr'><strong>SUPER</strong></span> <span class='ocrx_word' id='word_1_5' title='bbox 605 986 873 1069; x_wconf 76' lang='lat' dir='ltr'><strong>THEBAIDEN</strong></span> 
     </span>
    </p>
   </div>
   <div class='ocr_carea' id='block_1_2' title="bbox 105 1153 1162 2740">
    <p class='ocr_par' dir='ltr' id='par_1_2' title="bbox 113 1153 1161 2031">
     <span class='ocr_line' id='line_1_3' title="bbox 214 1153 1160 1232; baseline 0.004 -20"><span class='ocrx_word' id='word_1_6' title='bbox 214 1153 375 1212; x_wconf 88' lang='lat' dir='ltr'>Poetarum</span> <span class='ocrx_word' id='word_1_7' title='bbox 397 1153 638 1230; x_wconf 89' lang='lat' dir='ltr'>inuestigabilem</span> <span class='ocrx_word' id='word_1_8' title='bbox 658 1155 848 1230; x_wconf 75' lang='lat' dir='ltr'>prudentiam</span> <span class='ocrx_word' id='word_1_9' title='bbox 871 1153 1047 1232; x_wconf 82' lang='lat' dir='ltr'>ingeniique</span> <span class='ocrx_word' id='word_1_10' title='bbox 1068 1175 1160 1216; x_wconf 90' lang='lat' dir='ltr'>eorum</span> 
     </span>
     <span class='ocr_line' id='line_1_4' title="bbox 149 1241 1159 1321; baseline 0 -19"><span class='ocrx_word' id='word_1_11' title='bbox 149 1261 259 1302; x_wconf 88' lang='lat' dir='ltr'>uenam</span> <span class='ocrx_word' id='word_1_12' title='bbox 285 1241 550 1307; x_wconf 78' lang='lat' dir='ltr'>inmarcescibilem</span> <span class='ocrx_word' id='word_1_13' title='bbox 577 1263 638 1302; x_wconf 92' lang='lat' dir='ltr'>non</span> <span class='ocrx_word' id='word_1_14' title='bbox 665 1244 727 1302; x_wconf 91' lang='lat' dir='ltr'>sine</span> <span class='ocrx_word' id='word_1_15' title='bbox 753 1244 861 1321; x_wconf 78' lang='lat' dir='ltr'>grandi</span> <span class='ocrx_word' id='word_1_16' title='bbox 888 1244 1101 1305; x_wconf 79' lang='lat' dir='ltr'>ammiratione</span> <span class='ocrx_word' id='word_1_17' title='bbox 1122 1264 1159 1302; x_wconf 91' lang='lat' dir='ltr'>re·</span> 
     </span>
     <span class='ocr_line' id='line_1_5' title="bbox 126 1331 1160 1411; baseline 0 -19"><span class='ocrx_word' id='word_1_18' title='bbox 126 1334 262 1406; x_wconf 77' lang='lat' dir='ltr'>stracto,</span> <span class='ocrx_word' id='word_1_19' title='bbox 292 1332 345 1406; x_wconf 92' lang='lat' dir='ltr'>qui</span> <span class='ocrx_word' id='word_1_20' title='bbox 372 1332 427 1390; x_wconf 91' lang='lat' dir='ltr'>sub</span> <span class='ocrx_word' id='word_1_21' title='bbox 454 1331 636 1391; x_wconf 88' lang='lat' dir='ltr'>blanditorio</span> <span class='ocrx_word' id='word_1_22' title='bbox 665 1333 800 1408; x_wconf 73' lang='lat' dir='ltr'>poeticae</span> <span class='ocrx_word' id='word_1_23' title='bbox 832 1333 960 1391; x_wconf 87' lang='lat' dir='ltr'>fictionis</span> <span class='ocrx_word' id='word_1_24' title='bbox 992 1336 1160 1411; x_wconf 87' lang='lat' dir='ltr'>tegumento</span> 
     </span>
     <span class='ocr_line' id='line_1_6' title="bbox 152 1420 1161 1482; baseline 0.002 -4"><span class='ocrx_word' id='word_1_25' title='bbox 152 1420 311 1479; x_wconf 88' lang='lat' dir='ltr'>moralium</span> <span class='ocrx_word' id='word_1_26' title='bbox 334 1421 439 1479; x_wconf 88' lang='lat' dir='ltr'>seriem</span> <span class='ocrx_word' id='word_1_27' title='bbox 461 1421 686 1480; x_wconf 84' lang='lat' dir='ltr'>institutionum</span> <span class='ocrx_word' id='word_1_28' title='bbox 710 1423 828 1480; x_wconf 90' lang='lat' dir='ltr'>utiliter</span> <span class='ocrx_word' id='word_1_29' title='bbox 848 1421 1048 1482; x_wconf 89' lang='lat' dir='ltr'>inseruerunt.</span> <span class='ocrx_word' id='word_1_30' title='bbox 1097 1421 1161 1482; x_wconf 81' lang='lat' dir='ltr'>Cum</span> 
     </span>
     <span class='ocr_line' id='line_1_7' title="bbox 155 1504 1161 1586; baseline 0.001 -19"><span class='ocrx_word' id='word_1_31' title='bbox 155 1509 233 1567; x_wconf 93' lang='lat' dir='ltr'>enim</span> <span class='ocrx_word' id='word_1_32' title='bbox 267 1512 343 1567; x_wconf 90' lang='lat' dir='ltr'>teste</span> <span class='ocrx_word' id='word_1_33' title='bbox 374 1509 501 1568; x_wconf 90' lang='lat' dir='ltr'>Horatio</span> <span class='ocrx_word' id='word_1_34' title='bbox 534 1504 599 1568; x_wconf 76' lang='lat' dir='ltr'>taut</span> <span class='ocrx_word' id='word_1_35' title='bbox 631 1511 769 1586; x_wconf 88' lang='lat' dir='ltr'>prodesse</span> <span class='ocrx_word' id='word_1_36' title='bbox 800 1510 906 1570; x_wconf 79' lang='lat' dir='ltr'>uoluul</span> <span class='ocrx_word' id='word_1_37' title='bbox 936 1514 991 1569; x_wconf 90' lang='lat' dir='ltr'>aut</span> <span class='ocrx_word' id='word_1_38' title='bbox 1022 1512 1161 1571; x_wconf 87' lang='lat' dir='ltr'>delectare</span> 
     </span>
     <span class='ocr_line' id='line_1_8' title="bbox 152 1593 1160 1673; baseline 0.004 -17"><span class='ocrx_word' id='word_1_39' title='bbox 152 1600 259 1672; x_wconf 87' lang='lat' dir='ltr'>poetae</span> <span class='ocrx_word' id='word_1_40' title='bbox 296 1601 350 1656; x_wconf 91' lang='lat' dir='ltr'>aut</span> <span class='ocrx_word' id='word_1_41' title='bbox 386 1597 474 1656; x_wconf 91' lang='lat' dir='ltr'>simul</span> <span class='ocrx_word' id='word_1_42' title='bbox 510 1601 541 1657; x_wconf 92' lang='lat' dir='ltr'>et</span> <span class='ocrx_word' id='word_1_43' title='bbox 573 1599 704 1658; x_wconf 84' lang='lat' dir='ltr'>iocuudu</span> <span class='ocrx_word' id='word_1_44' title='bbox 735 1602 766 1657; x_wconf 91' lang='lat' dir='ltr'>et</span> <span class='ocrx_word' id='word_1_45' title='bbox 797 1599 906 1658; x_wconf 88' lang='lat' dir='ltr'>idonea</span> <span class='ocrx_word' id='word_1_46' title='bbox 938 1599 1036 1659; x_wconf 88' lang='lat' dir='ltr'>dicere</span> <span class='ocrx_word' id='word_1_47' title='bbox 1067 1593 1160 1673; x_wconf 75' lang='lat' dir='ltr'>uitu’,</span> 
     </span>
     <span class='ocr_line' id='line_1_9' title="bbox 153 1686 1160 1764; baseline 0.003 -20"><span class='ocrx_word' id='word_1_48' title='bbox 153 1705 213 1745; x_wconf 90' lang='lat' dir='ltr'>non</span> <span class='ocrx_word' id='word_1_49' title='bbox 240 1688 336 1764; x_wconf 91' lang='lat' dir='ltr'>magis</span> <span class='ocrx_word' id='word_1_50' title='bbox 361 1687 488 1745; x_wconf 87' lang='lat' dir='ltr'>litterali</span> <span class='ocrx_word' id='word_1_51' title='bbox 515 1705 603 1746; x_wconf 88' lang='lat' dir='ltr'>sensu</span> <span class='ocrx_word' id='word_1_52' title='bbox 631 1692 683 1746; x_wconf 83' lang='lat' dir='ltr'>uul</span> <span class='ocrx_word' id='word_1_53' title='bbox 708 1687 858 1746; x_wconf 87' lang='lat' dir='ltr'>historiali</span> <span class='ocrx_word' id='word_1_54' title='bbox 883 1686 1032 1747; x_wconf 85' lang='lat' dir='ltr'>facilitate</span> <span class='ocrx_word' id='word_1_55' title='bbox 1061 1689 1160 1747; x_wconf 87' lang='lat' dir='ltr'>hilares</span> 
     </span>
     <span class='ocr_line' id='line_1_10' title="bbox 113 1775 1160 1855; baseline 0.002 -21"><span class='ocrx_word' id='word_1_56' title='bbox 113 1795 139 1835; x_wconf 78' lang='grc' dir='ltr'>ιο</span> <span class='ocrx_word' id='word_1_57' title='bbox 152 1776 343 1850; x_wconf 90' lang='lat' dir='ltr'>reperiuntur</span> <span class='ocrx_word' id='word_1_58' title='bbox 370 1779 401 1833; x_wconf 92' lang='lat' dir='ltr'>et</span> <span class='ocrx_word' id='word_1_59' title='bbox 426 1775 546 1834; x_wconf 86' lang='lat' dir='ltr'>iocuudi</span> <span class='ocrx_word' id='word_1_60' title='bbox 573 1795 664 1851; x_wconf 89' lang='lat' dir='ltr'>quam</span> <span class='ocrx_word' id='word_1_61' title='bbox 695 1777 813 1835; x_wconf 88' lang='lat' dir='ltr'>mistica</span> <span class='ocrx_word' id='word_1_62' title='bbox 845 1776 1031 1852; x_wconf 83' lang='lat' dir='ltr'>expositione</span> <span class='ocrx_word' id='word_1_63' title='bbox 1061 1778 1160 1855; x_wconf 85' lang='lat' dir='ltr'>figura·</span> 
     </span>
     <span class='ocr_line' id='line_1_11' title="bbox 152 1864 1159 1927; baseline 0.001 -6"><span class='ocrx_word' id='word_1_64' title='bbox 152 1884 219 1921; x_wconf 92' lang='lat' dir='ltr'>rum</span> <span class='ocrx_word' id='word_1_65' title='bbox 241 1864 373 1922; x_wconf 87' lang='lat' dir='ltr'>moribus</span> <span class='ocrx_word' id='word_1_66' title='bbox 396 1864 544 1923; x_wconf 88' lang='lat' dir='ltr'>humanae</span> <span class='ocrx_word' id='word_1_67' title='bbox 572 1865 654 1922; x_wconf 88' lang='lat' dir='ltr'>uitae</span> <span class='ocrx_word' id='word_1_68' title='bbox 679 1864 869 1924; x_wconf 88' lang='lat' dir='ltr'>aedificandis</span> <span class='ocrx_word' id='word_1_69' title='bbox 892 1865 984 1924; x_wconf 89' lang='lat' dir='ltr'>utiles</span> <span class='ocrx_word' id='word_1_70' title='bbox 1008 1869 1040 1925; x_wconf 91' lang='lat' dir='ltr'>et</span> <span class='ocrx_word' id='word_1_71' title='bbox 1063 1864 1159 1927; x_wconf 85' lang='lat' dir='ltr'>idonei</span> 
     </span>
     <span class='ocr_line' id='line_1_12' title="bbox 154 1947 1160 2031; baseline 0.003 -22"><span class='ocrx_word' id='word_1_72' title='bbox 154 1950 251 2021; x_wconf 81' lang='lat' dir='ltr'>Quam</span> <span class='ocrx_word' id='word_1_73' title='bbox 269 1952 306 2010; x_wconf 96' lang='lat' dir='ltr'>ob</span> <span class='ocrx_word' id='word_1_74' title='bbox 325 1971 395 2027; x_wconf 84' lang='lat' dir='ltr'>rem,</span> <span class='ocrx_word' id='word_1_75' title='bbox 419 1947 456 2010; x_wconf 82' lang='lat' dir='ltr'>‘si</span> <span class='ocrx_word' id='word_1_76' title='bbox 474 1972 571 2028; x_wconf 89' lang='lat' dir='ltr'>parua</span> <span class='ocrx_word' id='word_1_77' title='bbox 589 1953 660 2011; x_wconf 88' lang='lat' dir='ltr'>licet</span> <span class='ocrx_word' id='word_1_78' title='bbox 682 1972 857 2029; x_wconf 88' lang='lat' dir='ltr'>componere</span> <span class='ocrx_word' id='word_1_79' title='bbox 879 1949 1020 2031; x_wconf 86' lang='lat' dir='ltr'>magnis&#39;,</span> <span class='ocrx_word' id='word_1_80' title='bbox 1043 1975 1104 2015; x_wconf 92' lang='lat' dir='ltr'>non</span> <span class='ocrx_word' id='word_1_81' title='bbox 1123 1955 1160 2012; x_wconf 92' lang='lat' dir='ltr'>in·</span> 
     </span>
    </p>

    <p class='ocr_par' dir='ltr' id='par_1_3' title="bbox 107 2040 1161 2389">
     <span class='ocr_line' id='line_1_13' title="bbox 123 2040 1160 2119; baseline 0.004 -21"><span class='ocrx_word' id='word_1_82' title='bbox 123 2100 126 2119; x_wconf 32' lang='grc' dir='ltr'><em>ὅ</em></span> <span class='ocrx_word' id='word_1_83' title='bbox 154 2059 307 2099; x_wconf 90' lang='lat' dir='ltr'>commune</span> <span class='ocrx_word' id='word_1_84' title='bbox 336 2040 467 2099; x_wconf 86' lang='lat' dir='ltr'>carmina</span> <span class='ocrx_word' id='word_1_85' title='bbox 494 2044 651 2116; x_wconf 88' lang='lat' dir='ltr'>poetarum</span> <span class='ocrx_word' id='word_1_86' title='bbox 678 2042 746 2100; x_wconf 91' lang='lat' dir='ltr'>nuci</span> <span class='ocrx_word' id='word_1_87' title='bbox 772 2042 987 2117; x_wconf 88' lang='lat' dir='ltr'>comparabilia</span> <span class='ocrx_word' id='word_1_88' title='bbox 1014 2044 1160 2118; x_wconf 81' lang='lat' dir='ltr'>uidentu13</span> 
     </span>
     <span class='ocr_line' id='line_1_14' title="bbox 107 2122 1161 2218; baseline 0.005 -32"><span class='ocrx_word' id='word_1_89' title='bbox 107 2122 137 2218; x_wconf 69' lang='lat' dir='ltr'>J.</span> <span class='ocrx_word' id='word_1_90' title='bbox 153 2129 185 2187; x_wconf 92' lang='lat' dir='ltr'>in</span> <span class='ocrx_word' id='word_1_91' title='bbox 208 2148 281 2187; x_wconf 92' lang='lat' dir='ltr'>nuce</span> <span class='ocrx_word' id='word_1_92' title='bbox 301 2129 379 2187; x_wconf 93' lang='lat' dir='ltr'>enim</span> <span class='ocrx_word' id='word_1_93' title='bbox 398 2130 455 2188; x_wconf 91' lang='lat' dir='ltr'>duo</span> <span class='ocrx_word' id='word_1_94' title='bbox 475 2132 552 2204; x_wconf 81' lang='lat' dir='ltr'>sunt,</span> <span class='ocrx_word' id='word_1_95' title='bbox 574 2133 654 2189; x_wconf 85' lang='lat' dir='ltr'>testa</span> <span class='ocrx_word' id='word_1_96' title='bbox 675 2135 705 2189; x_wconf 90' lang='lat' dir='ltr'>et</span> <span class='ocrx_word' id='word_1_97' title='bbox 723 2132 854 2206; x_wconf 73' lang='lat' dir='ltr'>nucleus²</span> <span class='ocrx_word' id='word_1_98' title='bbox 879 2131 969 2190; x_wconf 91' lang='lat' dir='ltr'>sicin</span> <span class='ocrx_word' id='word_1_99' title='bbox 988 2132 1161 2191; x_wconf 79' lang='lat' dir='ltr'>carminibus</span> 
     </span>
     <span class='ocr_line' id='line_1_15' title="bbox 114 2218 1160 2294; baseline 0 -16"><span class='ocrx_word' id='word_1_100' title='bbox 114 2237 139 2280; x_wconf 82' lang='lat'>1⁵</span> <span class='ocrx_word' id='word_1_101' title='bbox 153 2218 277 2294; x_wconf 88' lang='lat' dir='ltr'>poeticis</span> <span class='ocrx_word' id='word_1_102' title='bbox 305 2218 376 2293; x_wconf 82' lang='lat' dir='ltr'>duo,</span> <span class='ocrx_word' id='word_1_103' title='bbox 405 2237 506 2277; x_wconf 90' lang='lat' dir='ltr'>sensus</span> <span class='ocrx_word' id='word_1_104' title='bbox 538 2219 678 2278; x_wconf 86' lang='lat' dir='ltr'>litteralis</span> <span class='ocrx_word' id='word_1_105' title='bbox 706 2223 737 2278; x_wconf 91' lang='lat' dir='ltr'>et</span> <span class='ocrx_word' id='word_1_106' title='bbox 763 2219 911 2293; x_wconf 87' lang='lat' dir='ltr'>misticus;</span> <span class='ocrx_word' id='word_1_107' title='bbox 942 2221 1019 2279; x_wconf 88' lang='lat' dir='ltr'>latet</span> <span class='ocrx_word' id='word_1_108' title='bbox 1047 2222 1160 2281; x_wconf 91' lang='lat' dir='ltr'>nucleus</span> 
     </span>
     <span class='ocr_line' id='line_1_16' title="bbox 154 2307 1160 2389; baseline 0.003 -23"><span class='ocrx_word' id='word_1_109' title='bbox 154 2307 208 2366; x_wconf 91' lang='lat' dir='ltr'>sub</span> <span class='ocrx_word' id='word_1_110' title='bbox 237 2309 329 2365; x_wconf 84' lang='lat' dir='ltr'>testa:</span> <span class='ocrx_word' id='word_1_111' title='bbox 356 2308 432 2366; x_wconf 88' lang='lat' dir='ltr'>latet</span> <span class='ocrx_word' id='word_1_112' title='bbox 460 2307 514 2365; x_wconf 87' lang='lat' dir='ltr'>sub</span> <span class='ocrx_word' id='word_1_113' title='bbox 543 2326 630 2366; x_wconf 88' lang='lat' dir='ltr'>sensu</span> <span class='ocrx_word' id='word_1_114' title='bbox 656 2308 783 2367; x_wconf 88' lang='lat' dir='ltr'>litterali</span> <span class='ocrx_word' id='word_1_115' title='bbox 809 2309 927 2367; x_wconf 89' lang='lat' dir='ltr'>mistica</span> <span class='ocrx_word' id='word_1_116' title='bbox 954 2309 1160 2389; x_wconf 65' lang='lat' dir='ltr'>intelligentia</span> 
     </span>
    </p>

    <p class='ocr_par' dir='ltr' id='par_1_4' title="bbox 105 2396 1162 2740">
     <span class='ocr_line' id='line_1_17' title="bbox 105 2396 1160 2476; baseline 0.005 -22"><span class='ocrx_word' id='word_1_117' title='bbox 105 2447 108 2454; x_wconf 94' lang='grc'><em>,</em></span> <span class='ocrx_word' id='word_1_118' title='bbox 153 2399 188 2454; x_wconf 92' lang='lat' dir='ltr'>nt</span> <span class='ocrx_word' id='word_1_119' title='bbox 206 2396 316 2454; x_wconf 89' lang='lat' dir='ltr'>habeas</span> <span class='ocrx_word' id='word_1_120' title='bbox 334 2397 481 2471; x_wconf 84' lang='lat' dir='ltr'>nucleum,</span> <span class='ocrx_word' id='word_1_121' title='bbox 500 2396 666 2473; x_wconf 69' lang='lat' dir='ltr'>frangenda</span> <span class='ocrx_word' id='word_1_122' title='bbox 680 2400 726 2456; x_wconf 88' lang='lat' dir='ltr'>est</span> <span class='ocrx_word' id='word_1_123' title='bbox 744 2399 836 2456; x_wconf 88' lang='lat' dir='ltr'>testa:</span> <span class='ocrx_word' id='word_1_124' title='bbox 855 2400 891 2456; x_wconf 92' lang='lat' dir='ltr'>ut</span> <span class='ocrx_word' id='word_1_125' title='bbox 904 2397 1019 2474; x_wconf 89' lang='lat' dir='ltr'>figurae</span> <span class='ocrx_word' id='word_1_126' title='bbox 1034 2400 1160 2476; x_wconf 71' lang='lat' dir='ltr'>pateant</span> 
     </span>
     <span class='ocr_line' id='line_1_18' title="bbox 154 2485 1162 2564; baseline 0.002 -22"><span class='ocrx_word' id='word_1_127' title='bbox 154 2485 318 2562; x_wconf 89' lang='lat' dir='ltr'>quatienda</span> <span class='ocrx_word' id='word_1_128' title='bbox 341 2487 387 2542; x_wconf 91' lang='lat' dir='ltr'>est</span> <span class='ocrx_word' id='word_1_129' title='bbox 408 2485 523 2561; x_wconf 79' lang='lat' dir='ltr'>littera3</span> <span class='ocrx_word' id='word_1_130' title='bbox 550 2488 630 2543; x_wconf 89' lang='lat' dir='ltr'>testa</span> <span class='ocrx_word' id='word_1_131' title='bbox 652 2486 782 2561; x_wconf 90' lang='lat' dir='ltr'>insipida</span> <span class='ocrx_word' id='word_1_132' title='bbox 805 2489 862 2562; x_wconf 82' lang='lat' dir='ltr'>est,</span> <span class='ocrx_word' id='word_1_133' title='bbox 886 2487 1009 2546; x_wconf 88' lang='lat' dir='ltr'>nucleus</span> <span class='ocrx_word' id='word_1_134' title='bbox 1034 2505 1162 2564; x_wconf 86' lang='lat' dir='ltr'>saporem</span> 
     </span>
     <span class='ocr_line' id='line_1_19' title="bbox 155 2573 1161 2652; baseline 0.001 -20"><span class='ocrx_word' id='word_1_135' title='bbox 155 2573 296 2650; x_wconf 87' lang='lat' dir='ltr'>gustandi</span> <span class='ocrx_word' id='word_1_136' title='bbox 325 2573 435 2632; x_wconf 86' lang='lat' dir='ltr'>reddit:</span> <span class='ocrx_word' id='word_1_137' title='bbox 469 2573 607 2632; x_wconf 86' lang='lat' dir='ltr'>similiter</span> <span class='ocrx_word' id='word_1_138' title='bbox 633 2593 693 2633; x_wconf 92' lang='lat' dir='ltr'>non</span> <span class='ocrx_word' id='word_1_139' title='bbox 720 2575 835 2650; x_wconf 78' lang='lat' dir='ltr'>littera,</span> <span class='ocrx_word' id='word_1_140' title='bbox 864 2575 915 2633; x_wconf 91' lang='lat' dir='ltr'>sed</span> <span class='ocrx_word' id='word_1_141' title='bbox 941 2574 1041 2652; x_wconf 88' lang='lat' dir='ltr'>figura</span> <span class='ocrx_word' id='word_1_142' title='bbox 1066 2577 1161 2652; x_wconf 78' lang='lat' dir='ltr'>palato</span> 
     </span>
     <span class='ocr_line' id='line_1_20' title="bbox 113 2662 1162 2740; baseline 0.001 -17"><span class='ocrx_word' id='word_1_143' title='bbox 113 2683 140 2723; x_wconf 84' lang='lat' dir='ltr'>so</span> <span class='ocrx_word' id='word_1_144' title='bbox 153 2663 372 2740; x_wconf 85' lang='lat' dir='ltr'>intelligentiae</span> <span class='ocrx_word' id='word_1_145' title='bbox 387 2663 474 2738; x_wconf 85' lang='lat' dir='ltr'>sapit.</span> <span class='ocrx_word' id='word_1_146' title='bbox 506 2662 617 2740; x_wconf 84' lang='lat' dir='ltr'>Diligit</span> <span class='ocrx_word' id='word_1_147' title='bbox 629 2683 705 2738; x_wconf 92' lang='lat' dir='ltr'>puer</span> <span class='ocrx_word' id='word_1_148' title='bbox 718 2683 824 2722; x_wconf 91' lang='lat' dir='ltr'>nucem</span> <span class='ocrx_word' id='word_1_149' title='bbox 837 2663 987 2740; x_wconf 84' lang='lat' dir='ltr'>integram</span> <span class='ocrx_word' id='word_1_150' title='bbox 1000 2664 1042 2723; x_wconf 82' lang='lat' dir='ltr'>ad</span> <span class='ocrx_word' id='word_1_151' title='bbox 1057 2665 1162 2737; x_wconf 76' lang='lat' dir='ltr'>ludum</span> 
     </span>
    </p>
   </div>
   <div class='ocr_carea' id='block_1_3' title="bbox 223 2824 1158 2921">
    <p class='ocr_par' dir='ltr' id='par_1_5' title="bbox 223 2824 1158 2921">
     <span class='ocr_line' id='line_1_21' title="bbox 223 2824 1158 2921; baseline 0.002 -18"><span class='ocrx_word' id='word_1_152' title='bbox 223 2857 290 2921; x_wconf 72' lang='lat' dir='ltr'>lsq.</span> <span class='ocrx_word' id='word_1_153' title='bbox 310 2851 375 2906; x_wconf 92' lang='lat' dir='ltr'>Hor.</span> <span class='ocrx_word' id='word_1_154' title='bbox 395 2868 438 2919; x_wconf 80' lang='lat' dir='ltr'>ep,</span> <span class='ocrx_word' id='word_1_155' title='bbox 458 2851 494 2905; x_wconf 88' lang='lat' dir='ltr'>ad</span> <span class='ocrx_word' id='word_1_156' title='bbox 512 2850 568 2905; x_wconf 90' lang='lat' dir='ltr'>Pis.</span> <span class='ocrx_word' id='word_1_157' title='bbox 584 2855 635 2904; x_wconf 84' lang='lat'>333</span> <span class='ocrx_word' id='word_1_158' title='bbox 646 2867 686 2917; x_wconf 91' lang='lat' dir='ltr'>sq.</span> <span class='ocrx_word' id='word_1_159' title='bbox 761 2855 793 2905; x_wconf 81' lang='lat'>12</span> <span class='ocrx_word' id='word_1_160' title='bbox 812 2850 896 2920; x_wconf 82' lang='lat' dir='ltr'>Verg.</span> <span class='ocrx_word' id='word_1_161' title='bbox 915 2824 1011 2921; x_wconf 83' lang='lat' dir='ltr'>georg.</span> <span class='ocrx_word' id='word_1_162' title='bbox 1026 2849 1068 2905; x_wconf 89' lang='lat' dir='ltr'>IV</span> <span class='ocrx_word' id='word_1_163' title='bbox 1083 2856 1131 2905; x_wconf 84' lang='grc'>176</span> <span class='ocrx_word' id='word_1_164' title='bbox 1154 2873 1158 2881; x_wconf 93' lang='grc'>·</span> 
     </span>
    </p>
   </div>
   <div class='ocr_carea' id='block_1_4' title="bbox 224 3027 1163 3099">
    <p class='ocr_par' dir='ltr' id='par_1_6' title="bbox 224 3027 1163 3099">
     <span class='ocr_line' id='line_1_22' title="bbox 224 3027 1163 3099; baseline -0.001 -17"><span class='ocrx_word' id='word_1_165' title='bbox 224 3030 297 3082; x_wconf 94' lang='lat' dir='ltr'>P=</span> <span class='ocrx_word' id='word_1_166' title='bbox 312 3030 371 3083; x_wconf 89' lang='lat' dir='ltr'>cod.</span> <span class='ocrx_word' id='word_1_167' title='bbox 391 3027 510 3082; x_wconf 87' lang='lat' dir='ltr'>Parisin.</span> <span class='ocrx_word' id='word_1_168' title='bbox 530 3034 599 3082; x_wconf 80' lang='lat'>3012</span> <span class='ocrx_word' id='word_1_169' title='bbox 623 3029 664 3083; x_wconf 98' lang='lat' dir='ltr'>Pr</span> <span class='ocrx_word' id='word_1_170' title='bbox 686 3044 735 3083; x_wconf 87' lang='lat' dir='ltr'>sec.</span> <span class='ocrx_word' id='word_1_171' title='bbox 760 3029 855 3083; x_wconf 85' lang='lat' dir='ltr'>Rossb.</span> <span class='ocrx_word' id='word_1_172' title='bbox 879 3028 923 3099; x_wconf 79' lang='lat' dir='ltr'>Pp</span> <span class='ocrx_word' id='word_1_173' title='bbox 945 3043 995 3084; x_wconf 79' lang='lat' dir='ltr'>sec.</span> <span class='ocrx_word' id='word_1_174' title='bbox 1018 3029 1163 3085; x_wconf 77' lang='lat' dir='ltr'>Guuderm.</span> 
     </span>
    </p>
   </div>
   <div class='ocr_carea' id='block_1_5' title="bbox 148 3144 1167 3512">
    <p class='ocr_par' dir='ltr' id='par_1_7' title="bbox 148 3144 1167 3512">
     <span class='ocr_line' id='line_1_23' title="bbox 225 3144 1153 3210; baseline 0.001 -3"><span class='ocrx_word' id='word_1_175' title='bbox 225 3160 239 3207; x_wconf 94' lang='lat'>1</span> <span class='ocrx_word' id='word_1_176' title='bbox 260 3153 313 3209; x_wconf 82' lang='lat' dir='ltr'>SOI</span> <span class='ocrx_word' id='word_1_177' title='bbox 331 3153 525 3208; x_wconf 81' lang='lat' dir='ltr'><strong>FVLGENOII</strong></span> <span class='ocrx_word' id='word_1_178' title='bbox 543 3144 604 3207; x_wconf 75' lang='lat' dir='ltr'>n&#39;Pi</span> <span class='ocrx_word' id='word_1_179' title='bbox 622 3153 692 3208; x_wconf 70' lang='lat' dir='ltr'>SVB</span> <span class='ocrx_word' id='word_1_180' title='bbox 711 3152 917 3207; x_wconf 81' lang='lat' dir='ltr'>ThEBAlDllN</span> <span class='ocrx_word' id='word_1_181' title='bbox 931 3153 959 3207; x_wconf 92' lang='lat' dir='ltr'><em>P</em></span> <span class='ocrx_word' id='word_1_182' title='bbox 1023 3158 1041 3206; x_wconf 83' lang='grc'>3</span> <span class='ocrx_word' id='word_1_183' title='bbox 1060 3170 1153 3210; x_wconf 88' lang='lat' dir='ltr'>eorum</span> 
     </span>
     <span class='ocr_line' id='line_1_24' title="bbox 152 3224 1158 3296; baseline -0.003 -15"><span class='ocrx_word' id='word_1_184' title='bbox 152 3228 223 3282; x_wconf 69' lang='lat' dir='ltr'>deest</span> <span class='ocrx_word' id='word_1_185' title='bbox 236 3226 279 3296; x_wconf 81' lang='lat' dir='ltr'>Pp</span> <span class='ocrx_word' id='word_1_186' title='bbox 298 3241 346 3279; x_wconf 85' lang='lat' dir='ltr'>eor</span> <span class='ocrx_word' id='word_1_187' title='bbox 358 3227 444 3280; x_wconf 79' lang='lat' dir='ltr'>iueert</span> <span class='ocrx_word' id='word_1_188' title='bbox 458 3227 499 3280; x_wconf 93' lang='lat' dir='ltr'>Pr</span> <span class='ocrx_word' id='word_1_189' title='bbox 516 3226 599 3294; x_wconf 81' lang='lat' dir='ltr'>suppl</span> <span class='ocrx_word' id='word_1_190' title='bbox 611 3226 656 3280; x_wconf 83' lang='lat' dir='ltr'>Ro</span> <span class='ocrx_word' id='word_1_191' title='bbox 712 3224 805 3278; x_wconf 82' lang='lat' dir='ltr'>‘luol-</span> <span class='ocrx_word' id='word_1_192' title='bbox 818 3253 841 3266; x_wconf 87' lang='lat'>··</span> <span class='ocrx_word' id='word_1_193' title='bbox 857 3225 885 3278; x_wconf 95' lang='lat' dir='ltr'><strong><em>P</em></strong></span> <span class='ocrx_word' id='word_1_194' title='bbox 900 3225 984 3294; x_wconf 80' lang='lat' dir='ltr'>suppl</span> <span class='ocrx_word' id='word_1_195' title='bbox 997 3225 1042 3280; x_wconf 88' lang='lat' dir='ltr'>Ro</span> <span class='ocrx_word' id='word_1_196' title='bbox 1061 3224 1158 3280; x_wconf 87' lang='lat' dir='ltr'>uelint.</span> 
     </span>
     <span class='ocr_line' id='line_1_25' title="bbox 153 3294 1167 3367; baseline 0 -15"><span class='ocrx_word' id='word_1_197' title='bbox 153 3300 197 3352; x_wconf 85' lang='lat' dir='ltr'>He</span> <span class='ocrx_word' id='word_1_198' title='bbox 289 3302 305 3349; x_wconf 87' lang='lat'>8</span> <span class='ocrx_word' id='word_1_199' title='bbox 328 3303 353 3350; x_wconf 82' lang='lat' dir='ltr'>et</span> <span class='ocrx_word' id='word_1_200' title='bbox 377 3302 411 3349; x_wconf 90' lang='lat'>10</span> <span class='ocrx_word' id='word_1_201' title='bbox 434 3298 539 3351; x_wconf 76' lang='lat' dir='ltr'>litteras</span> <span class='ocrx_word' id='word_1_202' title='bbox 561 3298 676 3351; x_wconf 80' lang='lat' dir='ltr'>detritus</span> <span class='ocrx_word' id='word_1_203' title='bbox 697 3297 779 3365; x_wconf 80' lang='lat' dir='ltr'>suppl</span> <span class='ocrx_word' id='word_1_204' title='bbox 796 3296 841 3350; x_wconf 84' lang='lat' dir='ltr'>Ro</span> <span class='ocrx_word' id='word_1_205' title='bbox 933 3301 949 3348; x_wconf 82' lang='lat'>9</span> <span class='ocrx_word' id='word_1_206' title='bbox 974 3294 1109 3352; x_wconf 83' lang='lat' dir='ltr'>litteralis</span> <span class='ocrx_word' id='word_1_207' title='bbox 1127 3296 1167 3367; x_wconf 76' lang='lat' dir='ltr'>Pp</span> 
     </span>
     <span class='ocr_line' id='line_1_26' title="bbox 154 3365 1167 3439; baseline -0.003 -16"><span class='ocrx_word' id='word_1_208' title='bbox 154 3368 365 3423; x_wconf 84' lang='lat' dir='ltr'>···PautHe</span> <span class='ocrx_word' id='word_1_209' title='bbox 454 3374 488 3421; x_wconf 91' lang='lat'>10</span> <span class='ocrx_word' id='word_1_210' title='bbox 507 3370 536 3422; x_wconf 92' lang='lat' dir='ltr'>et</span> <span class='ocrx_word' id='word_1_211' title='bbox 553 3369 641 3422; x_wconf 83' lang='lat' dir='ltr'>iucert</span> <span class='ocrx_word' id='word_1_212' title='bbox 654 3368 695 3422; x_wconf 89' lang='lat' dir='ltr'>Pr</span> <span class='ocrx_word' id='word_1_213' title='bbox 782 3372 853 3420; x_wconf 64' lang='lat'>125</span> <span class='ocrx_word' id='word_1_214' title='bbox 871 3365 1090 3439; x_wconf 71' lang='lat' dir='ltr'>incolmunePr</span> <span class='ocrx_word' id='word_1_215' title='bbox 1114 3384 1167 3422; x_wconf 90' lang='lat' dir='ltr'>non</span> 
     </span>
     <span class='ocr_line' id='line_1_27' title="bbox 148 3438 1167 3512; baseline 0.002 -21"><span class='ocrx_word' id='word_1_216' title='bbox 148 3455 297 3494; x_wconf 80' lang='lat' dir='ltr'>commune</span> <span class='ocrx_word' id='word_1_217' title='bbox 310 3440 356 3512; x_wconf 82' lang='lat' dir='ltr'>Pp</span> <span class='ocrx_word' id='word_1_218' title='bbox 369 3440 415 3495; x_wconf 84' lang='lat' dir='ltr'>Gu</span> <span class='ocrx_word' id='word_1_219' title='bbox 435 3456 491 3493; x_wconf 91' lang='lat' dir='ltr'>non</span> <span class='ocrx_word' id='word_1_220' title='bbox 509 3438 704 3494; x_wconf 76' lang='lat' dir='ltr'>incommode?</span> <span class='ocrx_word' id='word_1_221' title='bbox 718 3440 853 3509; x_wconf 73' lang='lat' dir='ltr'>Plasberg</span> <span class='ocrx_word' id='word_1_222' title='bbox 908 3443 941 3491; x_wconf 83' lang='lat'>19</span> <span class='ocrx_word' id='word_1_223' title='bbox 961 3438 1112 3509; x_wconf 79' lang='lat' dir='ltr'>gustanti?</span> <span class='ocrx_word' id='word_1_224' title='bbox 1125 3438 1167 3495; x_wconf 81' lang='lat' dir='ltr'>He</span> 
     </span>
    </p>
   </div>
   <div class='ocr_carea' id='block_1_6' title="bbox 0 0 1213 3856">
    <p class='ocr_par' dir='ltr' id='par_1_8' title="bbox 0 0 1213 3856">
     <span class='ocr_line' id='line_1_28' title="bbox 0 0 1213 3856; baseline 0 0"><span class='ocrx_word' id='word_1_225' title='bbox 0 0 1213 3856; x_wconf 95' lang='lat' dir='ltr'> </span> 
     </span>
    </p>
   </div>
  </div>
 </body>
</html>
