2408 3856
148 182 212 245 172
538 181 587 235 DE
606 180 811 237 AETATIBUS

107 273 138 313 11.

49 332 245 408 condiscit,
263 331 316 391 nbi
333 333 418 391 nulla
437 335 483 391 est
500 332 573 390 nita.
610 330 710 390 Uerbo
729 331 853 407 expulsa
871 330 1011 408 egritudo
1030 331 1164 406 discedit

148 422 240 480 uerbo
263 421 398 480 reuocita
425 422 505 480 salus
533 420 677 495 adcurrit3
705 419 796 480 uerbo
824 419 941 498 uertigo
963 419 1166 496 tranquillata

146 510 328 588 languescit,
360 510 450 568 uerbo
482 510 629 568 fluctuans
656 508 738 567 unda
768 509 919 584 liquescit3
952 511 983 568 et
1010 529 1048 568 ne
1076 509 1166 586 plura

147 618 323 676 persequar,
350 617 409 658 non
437 599 524 657 licuit
549 601 675 657 naturae
702 616 762 656 non
790 598 956 673 essequod
982 598 1035 656 ille
1059 598 1166 674 uoluit,

121 707 208 748 snon
230 688 392 747 reluctauit
419 690 528 745 natura
555 706 615 746 non
637 704 724 762 posse
747 686 828 762 quod
854 685 950 745 iussit.
996 687 1073 746 Post
1094 687 1167 747 baec

148 796 220 836 uero
248 779 283 836 ut
309 777 465 852 plenitudo
488 775 603 834 Iudaici
631 775 727 833 exitus
750 775 874 834 celerior
895 775 993 852 fieret,
1021 776 1105 836 liuor
1132 777 1166 835 de

147 866 283 926 bonitate
315 865 503 942 conquiritur
530 867 561 923 et
592 864 664 939 quia
692 863 800 922 cecitas
828 863 964 923 claritate
997 865 1166 941 refulserat,

149 956 285 1014 conlator
319 954 393 1013 lucis
434 953 470 1012 ab
508 952 688 1012 aduersariis
719 951 883 1011 inuidetnr:
920 972 991 1011 uere
1023 953 1166 1012 tenebrae

148 1047 301 1120 patronus,
324 1043 376 1119 qui
398 1043 431 1100 in
453 1060 506 1101 suo
529 1041 621 1118 figulo
644 1058 705 1099 non
728 1041 880 1100 dubitauit
901 1042 1006 1101 scelus.
1047 1042 1167 1121 Flagel-

109 1134 231 1192 solatur
248 1134 393 1208 perpetua
412 1131 517 1208 uirtus,
535 1129 713 1188 uniuersalis
733 1130 907 1206 conspuitur
924 1132 1007 1189 salus
1025 1135 1059 1190 et
1073 1131 1166 1190 crucis

149 1222 285 1298 patibulo
309 1220 501 1296 suspenditur
522 1219 612 1278 Deus.
654 1217 726 1288 ouis
748 1219 822 1278 haec
845 1222 898 1278 ant
920 1219 1018 1279 dicere
1042 1221 1166 1281 auderet

150 1315 204 1370 aut
231 1309 395 1369 dicentibus
424 1309 569 1383 crederet,
597 1307 679 1384 quod
705 1307 798 1366 Iudea
824 1310 871 1367 tot
897 1309 1040 1384 periculis
1072 1312 1164 1385 eruta,

149 1402 197 1460 tot
223 1399 344 1476 proeliis
371 1397 539 1474 uindicata,
571 1399 619 1456 tot
644 1396 794 1456 beneficiis
821 1396 984 1457 inlustrata
1010 1398 1088 1459 haec
1114 1415 1165 1458 sno

151 1489 205 1548 deo
233 1489 329 1547 facere
356 1490 483 1562 poterat.
531 1485 589 1544 Sed
612 1484 743 1561 qualiter
764 1485 874 1545 ludens
897 1486 1061 1562 adoptatus
1087 1487 1164 1545 filins

105 1587 143 1638 46
152 1576 271 1636 caderet
293 1579 323 1634 ct
345 1575 466 1653 gentilis
494 1575 654 1650 adoptiuus
675 1568 679 1652 l
699 1573 778 1633 filius
802 1575 990 1650 surrexisset,
1012 1575 1075 1635 nisi
1097 1575 1165 1652 quie

111 1684 137 1724 re
150 1667 197 1724 tot
222 1664 371 1723 beneficiis
398 1664 535 1742 ingratus
562 1663 613 1721 ifle
640 1663 769 1738 populus
797 1663 898 1722 extitit
929 1666 959 1722 et
991 1664 1050 1722 iste
1083 1664 1162 1724 nullo

150 1755 311 1830 praeeunte
335 1753 476 1829 obsequio
501 1751 634 1831 gratuita
658 1751 758 1829 gratia
781 1754 954 1812 consecutus
978 1753 1087 1813 euasit.

616 1911 698 1969 XHI.

50 2030 140 2072 abacti
218 2017 401 2095 Oportuerat
428 2018 550 2095 quidem
576 2019 613 2075 ut
640 2020 810 2093 temporum
836 2018 907 2078 ordo
935 2018 1072 2079 dictabat
1096 2019 1158 2080 an-

110 2127 250 2169 cesarum
273 2112 357 2168 actus
380 2108 521 2184 uitasque
544 2106 720 2180 describere;
748 2107 800 2166 sed
824 2108 894 2183 quia
921 2107 990 2167 illos
1015 2108 1081 2168 siue
1102 2109 1157 2166 Deo

149 2198 213 2257 siue
241 2198 384 2272 apostolis
411 2199 500 2272 turpe
527 2194 588 2253 fuit
614 2195 786 2271 praeficere,
818 2199 969 2271 postremo
999 2216 1072 2274 ergo
1101 2199 1158 2258 loco

149 2306 227 2362 quae
254 2285 507 2362 praetermisimus
535 2283 726 2359 postmodum
752 2284 909 2344 edicemus.
958 2285 1059 2364 Igitur
1085 2288 1156 2363 post-

150 2393 241 2450 quam
267 2376 362 2434 Iudea
390 2373 495 2433 salutis
522 2372 688 2431 remedium
715 2373 852 2448 patibulo
880 2374 973 2433 crucis
1002 2375 1109 2434 adfixit
1132 2375 1157 2432 et

148 2464 254 2524 mortis
281 2464 440 2523 medellam
468 2480 559 2538 quam
585 2461 694 2520 habere
721 2461 816 2540 magis
839 2463 983 2522 debuerat
1010 2465 1157 2540 caruit‚a

109 2571 136 2613 as
149 2552 214 2611 Deo
238 2570 293 2613 suo
321 2553 441 2612 exulata
468 2550 614 2626 proicitur
637 2552 668 2608 ct
690 2549 753 2608 eius
775 2551 840 2610 loco
862 2571 988 2629 pereger
1009 2551 1093 2613 filius
1115 2549 1157 2611 ad·

150 2644 281 2716 optatur.
327 2641 438 2700 Statim
459 2639 562 2715 itaque
584 2637 656 2696 fidei
678 2637 811 2698 doctores
834 2641 986 2716 apostolos
1009 2641 1115 2720 dirigit
1134 2640 1160 2698 et

150 2730 260 2789 sacrati
288 2731 409 2805 spiritus
435 2729 573 2788 flammeo
601 2746 737 2787 coruscos
764 2728 886 2788 adtactu
914 2729 999 2788 uerbi
1031 2728 1158 2790 caelestis

149 2819 370 2896 praedicatores
388 2818 496 2879 statuit
515 2820 546 2876 et
562 2816 753 2892 baptismatis
768 2816 911 2878 dilutores
925 2819 1025 2896 elegit
1058 2819 1160 2879 Statim

223 2976 303 3041 9sgq.
318 2973 353 3039 cs.
368 2970 470 3025 Matth.
480 2973 515 3023 27
593 2974 627 3024 26
637 2984 692 3038 sqq.
707 2969 742 3036 cf.
758 2972 812 3024 act
828 2971 919 3040 apost.
934 2976 950 3024 2
964 2969 1069 3028 Matth.
1081 2976 1122 3040 28,
1131 2974 1160 3024 19

223 3111 344 3167 ldiscit
374 3110 495 3166 discedit
509 3112 537 3166 P
610 3112 778 3165 areuocata
792 3112 845 3167 ST
912 3118 1106 3184 ⁴lprosequar
1118 3111 1165 3169 ST

187 3183 308 3237 tfuerit
408 3182 599 3238 ‘lfulseratS
656 3187 690 3236 14
706 3181 823 3253 potitl'
838 3184 965 3253 possets
1012 3185 1070 3240 ado
1091 3186 1161 3240 tatus

150 3254 251 3309 iudeus
270 3255 298 3310 R
392 3259 426 3307 15
452 3254 618 3324 surgeretS
687 3252 736 3323 qui
754 3254 790 3326 P¹
889 3253 1015 3328 icisse]
1046 3255 1134 3312 'cd

151 3366 185 3416 17
203 3360 359 3432 gratuitam
376 3340 610 3433 §rampsetds
688 3365 721 3413 21
744 3360 895 3429 pdicereS
973 3367 1008 3416 24
1025 3362 1162 3419 medelam

149 3451 211 3506 Μ’
228 3453 266 3520 (m
284 3451 335 3506 del.
353 3469 388 3506 m.
406 3454 436 3521 2)
463 3449 575 3505 medela
592 3449 615 3504 S
710 3454 745 3503 25
763 3465 880 3521 peregre
898 3449 959 3504 BT
982 3438 1133 3523 pegrin⁹S

142 3544 183 3592 27
202 3521 254 3596 sac1
267 3539 296 3597 S
358 3539 510 3598 choruscos
525 3539 576 3595 PS
663 3543 696 3592 28
717 3537 900 3593 delutoresT
