2408 3856
146 153 207 207 XIV
550 152 755 210 PRAEFATIO

117 308 134 379 β
171 323 174 328 ·
214 303 349 363 Alterius
377 303 492 381 generis
520 322 555 362 ex
583 302 657 363 meis
683 302 768 364 libris
796 308 865 363 sunt
890 304 1091 364 Berolinensis
1117 307 1159 364 73

106 398 134 451 B
148 411 222 452 saec.
240 392 281 467 X,
306 392 390 452 ouius
414 391 621 452 collationibus
643 411 715 452 usus
733 412 804 452 sum
826 393 989 452 Alexandri
1011 393 1105 453 Riesii
1128 394 1159 452 in

146 500 220 540 mus.
239 481 332 540 Rhen.
350 481 421 540 XIX
438 501 466 558 p.
488 482 550 541 298
566 500 629 557 sqq.
650 481 730 540 edita
753 485 783 540 et
801 481 957 559 Plasbergi
978 482 1038 541 mei
1058 502 1159 541 meum

105 575 136 630 Ε
147 570 178 627 in
200 588 287 630 usum
305 571 394 645 facta,
418 573 447 629 61
464 569 659 630 Uercellensis
681 572 720 629 16
742 569 891 630 CXLVIII
910 590 984 632 saec.
1003 571 1046 630 IX
1063 572 1113 629 uel
1130 571 1159 629 X

106 666 131 736 11
148 678 235 735 quem
253 659 366 718 contuli
387 659 464 734 ipse,
487 678 523 718 ex
545 658 762 718 Wessnerianis
785 658 913 718 Parisini
933 661 996 718 242
1020 678 1095 719 saec.
1114 658 1159 718 IX

43 807 45 811 .
107 751 179 810 ‘bet
203 748 288 808 3088
312 766 387 807 saec.
410 747 451 823 X;
484 765 556 823 quos
583 747 662 806 inter
693 766 723 807 se
756 748 921 807 consentire
948 767 1015 807 cum
1047 748 1159 807 eisdem

147 835 322 896 coniecturis
347 856 423 913 quae
446 836 523 895 falsa
546 839 631 896 erant
654 840 707 895 aut
729 836 908 896 uidebantur
926 837 1160 912 emendauerint,

146 926 194 984 uel
217 925 331 1000 primae
354 926 482 1003 paginae
505 924 629 984 uerbum
651 919 781 1000 ‘parare'
804 946 832 1001 p.
856 928 962 1001 111,3
985 926 1099 985 indicat
1123 945 1159 984 ex

147 1008 309 1089 ‘imperari'
328 1014 408 1090 quod
422 1033 456 1072 ex
474 1008 644 1090 ‘impertiri'
659 1017 831 1090 corruptum
843 1017 916 1090 puto
934 1014 1030 1074 futtili
1048 1018 1159 1074 conatu

147 1102 284 1162 effectum
305 1103 338 1161 in
360 1102 505 1163 omnibus.

47 1183 135 1238 (101617
212 1192 336 1251 Accedit
357 1192 502 1251 immensa
524 1191 570 1250 uis
594 1190 727 1250 ceditum
754 1191 933 1251 deteriorum
957 1210 976 1250 a
997 1191 1159 1252 Wessnero

144 1283 329 1358 enumerata,
358 1300 433 1357 quae
456 1280 532 1338 nihil
559 1279 621 1339 fere
643 1279 682 1338 ad
708 1280 917 1339 recensendam
941 1279 1160 1356 expositionem

144 1388 228 1428 serm.
257 1372 318 1428 ant.
346 1369 450 1428 auxilii
476 1368 572 1428 affert.
620 1368 800 1428 Memorauit
826 1370 927 1428 tamen
954 1369 1006 1428 ille
1035 1372 1157 1444 praeter

142 1457 233 1516 libros
267 1476 340 1533 quos
367 1457 493 1517 diximus
520 1457 552 1516 in
580 1456 709 1516 editione
741 1457 882 1517 lectiones
913 1456 1047 1516 codicum
1074 1456 1156 1516 Neo·

142 1545 296 1623 burgensis
323 1549 354 1604 et
379 1545 530 1605 Leidensis
557 1546 633 1620 135,
659 1545 723 1622 ipse
751 1545 864 1605 contuli
891 1547 1041 1606 Romanos
1064 1544 1155 1604 Urbi-

142 1638 227 1712 nates
242 1635 305 1693 452
322 1637 351 1694 et
366 1636 440 1710 670,
453 1634 649 1712 Baginensem
659 1632 981 1708 208‚·Ottobonianum
991 1636 1065 1709 343,
1079 1634 1155 1692 Bar·

142 1723 277 1781 borinum
290 1723 362 1782 XVI
372 1726 423 1798 76,
436 1723 694 1782 Uindobonensem
707 1723 777 1781 bibl.
794 1722 875 1782 (lues.
891 1724 965 1798 804,
978 1722 1156 1782 Leidensem

143 1811 322 1870 Uossianum
341 1815 392 1888 96,
415 1812 627 1871 Taurinensem
644 1812 668 1888 Ι,
686 1812 740 1887 VI,
758 1814 800 1871 30
820 1803 1010 1892 (DGOXXI),
1032 1811 1154 1871 1116666-

143 1901 265 1958 dianum
293 1903 365 1960 766.
418 1901 555 1960 Aliorum
591 1900 724 1960 codicum
755 1901 947 1968 lectionesa
978 1900 1088 1959 Rothio
1120 1901 1154 1960 in

143 1987 272 2048 edItione
290 1989 382 2049 Nonii
406 1993 436 2048 et
452 1989 604 2067 Fulgentii
628 1989 768 2049 collectae
787 1992 865 2065 sunt,
888 1989 1012 2048 duorum
1030 1989 1154 2048 Bnmel-

141 2078 269 2136 lensium
290 2077 446 2138 Lerschius
472 2079 565 2136 edidit
587 2078 619 2136 in
647 2077 748 2136 libello
773 2078 823 2154 qui
849 2077 1021 2137 inscribitur
1042 2077 1155 2137 Fabius

142 2165 317 2226 Planciades
330 2167 505 2244 Fulgentius
520 2167 555 2225 de
570 2166 713 2226 abstrusis
727 2166 909 2226 sermonibus
924 2162 1031 2243 (Bonn.
1044 2158 1156 2247 1844),

142 2258 252 2314 temere
269 2256 322 2315 ille
337 2276 371 2314 ex
389 2256 524 2332 pessimis
538 2255 663 2315 testibus
678 2274 751 2332 opus
765 2255 995 2333 Fulgentianum
1008 2255 1155 2314 recenseri

142 2363 228 2420 posse
249 2347 341 2405 ratus.
386 2344 543 2404 Lemmata
566 2362 642 2420 quae
666 2345 790 2421 singulis
813 2344 1045 2420 expositionibus
1067 2361 1154 2420 prae·

141 2437 292 2508 ponuntur
324 2434 403 2510 quod
434 2434 517 2492 uncis
543 2433 650 2491 inclusi
677 2435 833 2508 tamquam
860 2433 976 2508 spuria,
1002 2433 1155 2492 Wessneri

142 2515 462 2603 argumentationem1)
490 2525 606 2581 secutus
638 2539 716 2597 sum3
748 2526 814 2580 orta
842 2523 919 2580 enim
950 2522 1091 2580 uidentur
1118 2541 1154 2581 ex

141 2610 293 2670 uocabulis
317 2611 356 2669 ad
378 2612 543 2689 marginem
566 2608 731 2686 adscriptis.

207 2751 303 2811 Multo
317 2751 434 2811 facilior
444 2751 574 2810 recensio
589 2754 635 2810 est
647 2750 790 2811 librorum
805 2752 857 2826 qui
865 2750 1097 2829 Fulgentianum
1111 2751 1153 2810 de

141 2840 325 2900 aetatibus
343 2840 464 2898 mundi
483 2842 517 2899 et
533 2840 688 2899 hominis
703 2840 878 2915 opusculum
891 2841 1056 2915 continent3
1071 2841 1153 2916 quod

142 2928 236 2987 adhuc
249 2949 325 2990 unus
339 2929 512 2988 Hommeius
521 2928 644 2989 Parisiis
658 2947 684 2987 a.
697 2931 782 2988 1694
796 2931 827 2986 61
843 2932 926 2990 1696
943 2932 973 2988 61
986 2929 1017 2986 id
1032 2929 1153 3005 quidem

142 3017 301 3076 secundum
314 3017 508 3077 Serbonicum
521 3017 650 3076 codicem
664 3019 836 3092 corruptum
850 3020 879 3075 et
892 3018 1031 3077 mutilum
1045 3017 1153 3093 edidit3

142 3103 214 3164 duos
227 3108 326 3164 autem
337 3106 427 3167 libros
440 3110 470 3165 et
480 3107 579 3164 ultimi
592 3108 709 3182 partem
721 3109 883 3164 extremam
892 3105 1152 3166 Reifferscheidius

140 3193 253 3270 publici
270 3195 342 3255 iuris
360 3196 432 3255 fecit
445 3196 477 3253 in
489 3214 563 3254 mus.
577 3195 670 3253 Rhen.
683 3195 743 3254 uol.
757 3194 858 3253 XXIII
871 3216 900 3271 p.
917 3197 978 3254 137
990 3214 1053 3271 sqq.
1068 3198 1099 3253 at
1117 3196 1150 3253 in

141 3283 237 3341 indice
251 3283 340 3343 schol.
354 3285 482 3343 uniuers.
495 3283 657 3343 Uratislau.
675 3276 799 3361 1883j4.
813 3284 945 3344 Melion's
964 3285 1043 3343 enim
1061 3287 1151 3342 notae

68 3380 127 3436 PR
141 3375 210 3432 sunt
224 3373 337 3432 codices
351 3372 420 3431 Uat.
434 3373 589 3431 Palatinus
605 3373 667 3430 886
683 3390 758 3432 saec.
768 3372 841 3430 XIII
856 3377 885 3430 et
899 3372 1073 3450 Reginensis
1087 3374 1149 3431 173

211 3507 238 3575 1)
257 3470 286 3562 l.-
296 3523 318 3560 c.
337 3524 363 3576 p.
384 3511 435 3561 133
451 3524 510 3575 sqq.
